company,industry1,industry2,city,state,description,pin,revenue,founded date,website,number of founder,founder1,employee,funding round,funding status,last funding date,last funding amt,last funding type,total funding amt,investor1,no of investor,founder2,investor2,investor3,investor4,investor5
AstroTalk,Consulting,Digital Entertainment,Noida,Uttar Pradesh,"AstroTalk is a platform to consult best Astrologers of India online, on-call, or through chat.",201301,—,"Oct 18, 2017",astrotalk.com/,1,Puneet Gupta,101-250,1,Early Stage Venture,"Feb 6, 2024","₹ 1,63,00,00,000.00",Series A,"₹ 1,63,00,00,000.00",Left Lane Capital,1,,,,,
Fasal,Agriculture,AgTech,Bengaluru,Karnataka,Fasal is an AI-powered IoT-SaaS platform for horticulture that simplifies the process of cultivating crops.,560008,Less than $1M,"Jan 11, 2018",fasal.co,5,Ananda Verma,51-100,8,Early Stage Venture,"Dec 22, 2023","₹ 1,00,00,00,000.00",Series A,"$ 1,39,51,090.00",Animoca Brands,20,Dhaval Chaudhary,Artesian VC,ITI Growth Opportunities Fund,British International Investment,Omnivore
Zupee,Apps,Digital Entertainment,Gurgaon,Haryana,Zupee is an online gaming company that develops real money-earning skill-based games.,122016,$10M to $50M,2018,www.zupee.com/,2,Dilsher Singh,101-250,5,Early Stage Venture,"Jan 5, 2022","$ 7,20,00,000.00",Series B,"$ 12,09,99,708.00",Alpha Wave Global,8,Siddhant Saurabh,Matrix Partners India,Orios Venture Partners,Tomales Bay Capital,Smile Group
OTO Capital,Automotive,Finance,Mumbai,Maharashtra,OTO Capital is a digital commerce and lending platform that provides affordable plans to purchase motor bicycles.,400076,$1M to $10M,2018,otocapital.in,2,Harsh Saruparia,251-500,7,—,"Feb 6, 2024","₹ 83,00,00,000.00",Venture - Series Unknown,"$ 2,03,31,221.00",500 Global,20,Sumit Chhazed,Venture Catalysts,9Unicorns Accelerator Fund,Matrix Partners India,Stride Ventures
Metafin,CleanTech,Financial Services,Parel,Maharashtra,Metafin is an operator of a non banking financial company intended to offer cleantech focused lending services for retail customers.,400013,—,2018,www.metafin.in/,—,,—,2,Early Stage Venture,"Feb 7, 2024","₹ 42,00,00,000.00",Series A,"₹ 44,00,00,000.00",Venture Catalysts,3,,Prime Venture Partners,Varanium Capital Advisors,,
Leverage Edu,Artificial Intelligence (AI),Career Planning,New Delhi,Delhi,AI-enabled marketplace designed to help students with their higher education and career growth plans,110001,$100M to $500M,Apr-17,www.leverageedu.com,1,Akshay Chaturvedi,51-100,10,Late Stage Venture,"Jul 3, 2023","$ 2,50,00,000.00",Series C,"$ 7,37,73,326.00",9Unicorns Accelerator Fund,52,,Mankind Pharma,Blume Ventures,Sprint Vc,Peyush Bansal
Karkhana.io,3D Printing,Manufacturing,Mumbai,Maharashtra,Karkhana.io is an on-demand manufacturing platform with a vision of digitalizing manufacturing.,—,$1M to $10M,2018,karkhana.io/,1,Sonam Motwani,Nov-50,3,Early Stage Venture,"Jan 9, 2024","$ 63,00,000.00",Series A,"$ 78,00,000.00",Arkam Ventures,4,,Vertex Ventures Southeast Asia & India,SIG venture capital,Zone Startups In,
Noccarc,Health Care,Manufacturing,Pune,Maharashtra,Noccarc is a medical device company revolutionizing healthcare with smart medical devices and a digital platform to improve patient outcomes,411026,—,"Apr 24, 2017",noccarc.com/,2,Harshit Rathore,51-100,3,Seed,"Feb 13, 2024","₹ 16,60,00,000.00",Seed,"₹ 32,94,00,000.00",Indian Angel Network,6,Nikhil Kurele,SIDBI Venture Capital,Indian Institute of Technology Kanpur,IAN Fund,"Technology Development Board, Government of India"
VRO Hospitality,Hospitality,Hotel,Bangalore,Karnataka,"VRO Hospitality operates multi-format restaurants, cafes, and lounges across 18 outlets in Bengaluru.",560008,$100M to $500M,2018,vrohospitality.com/,3,Dawn Thomas,501-1000,4,—,"Jan 2, 2024","$ 1,00,00,000.00",Venture - Series Unknown,"$ 1,30,33,836.00",Axis Bank,8,Safdar Adhoor,Gruhas,Kunal Shah,UC Inclusive Credit,NB Ventures
Bookingjini,Hospitality,Information Technology,Bhubaneswar,Orissa,Bookingjini helps hotels to grow their revenue and productivity by providing them unique solutions.,751015,Less than $1M,"Jan 6, 2017",bookingjini.com,4,Deepak Dash,51-100,6,Seed,"Jan 25, 2024",—,Seed,"$ 38,67,885.00",Inflection Point Ventures,3,Gourab Kumar Nandy,Mumbai Angels,Apurva Salarpuria,,
Khatabook,Accounting,Financial Services,Bangalore,Karnataka,Khatabook is the fintech startup that provides a digital ledger app targeted primarily at small businesses.,560102,$10M to $50M,2018,khatabook.com,5,Ashish Sonone,101-250,5,Late Stage Venture,"Aug 24, 2021","₹ 7,43,00,00,000.00",Series C,"$ 18,67,08,974.00",Tencent,41,Dhanesh Kumar,Titan Capital,Y Combinator,Alpha Wave Global,Surge
Zypp Electric,Clean Energy,Delivery Service,Gurgaon,Haryana,Zypp Electric is an EV delivery app that operates in the last-mile space.,122003,$1M to $10M,"Aug 8, 2017",www.zypp.app,3,Akash Gupta,251-500,13,Early Stage Venture,"Feb 8, 2023","$ 2,50,00,000.00",Series B,"$ 7,55,93,101.00",Grip Invest,31,Rashi Agarwal,9Unicorns Accelerator Fund,Gogoro,Venture Catalysts,We Founder Circle
Toothsi,Dental,Health Care,Mumbai,Maharashtra,Toothsi provides clear aligners and oral care products to help straighten teeth and improve oral health.,400083,$10M to $50M,2018,toothsi.in,4,Anirudha Kale,501-1000,5,Late Stage Venture,"May 1, 2022","$ 4,00,00,000.00",Series C,"$ 8,69,93,947.00",IIFL Finance,17,Arpi Mehta,Eight Roads Ventures,Stride Ventures,Ramakant Sharma,Paramark Ventures
CRED,Credit Cards,Financial Services,Bangalore,Karnataka,CRED is a fintech startup that offers rewards for customers who use its platform to pay their credit card bills.,560038,$100M to $500M,2018,www.cred.club,1,Kunal Shah,501-1000,9,Late Stage Venture,"Jun 9, 2022","₹ 6,17,00,00,000.00",Series F,"$ 80,14,92,149.00",General Catalyst,33,,Rainmatter Capital,Insight Partners,Alpha Wave Global,Hillhouse Investment
Grow Indigo,Agriculture,AgTech,Mumbai,Maharashtra,Grow Indigo develops a digital platform that provides biological and digital solutions to farmers for agriculture.,—,—,2018,www.growindigo.co.in,—,,251-500,2,—,"Jan 27, 2024","₹ 67,00,00,000.00",Venture - Series Unknown,"$ 1,40,60,858.00",Indigo,2,,Mahyco Seeds Ltd.,,,
Snitch,Fashion,Marketing,Bangalore,Karnataka,Snitch is a men's fast fashion clothing brand that primarily sells its products online.,560027,$10M to $50M,2018,www.snitch.co.in,1,Siddharth Dungarwal,Nov-50,2,Early Stage Venture,"Dec 13, 2023","₹ 1,10,00,00,000.00",Series A,"₹ 1,11,50,00,000.00",IvyCap Ventures,8,,SWC Global,Anupam Mittal,Aman Gupta,Peyush Bansal
Riskcovry,Insurance,InsurTech,Juhu,Maharashtra,Riskcovry is a SaaS platform that distributes insurance products for businesses and individuals.,400049,$1M to $10M,2018,riskcovry.com,—,—,—,https://www.crunchbase.com/search/people/field/organization.companies/num_founders/riskcovry,https://www.crunchbase.com/person/chiranth-patil-4b9b,101-250,4,—,https://www.crunchbase.com/search/funding_rounds/field/organization.companies/last_funding_at/riskcovry,https://www.crunchbase.com/search/funding_rounds/field/organization.companies/last_funding_total/riskcovry,https://www.crunchbase.com/search/funding_rounds/field/organization.companies/funding_total/riskcovry,https://www.crunchbase.com/search/principal.investors/field/organization.companies/num_lead_investors/riskcovry,Sorabh Bhandari,Suvendu Prusty,",,,,",https://www.crunchbase.com/organization/omidyar-network-india-050e
Mobile Premier League,eSports,Gaming,Bengaluru,Karnataka,Mobile Premier League is a skill-based eSports platform used to offer cash prizes while playing games.,560103,$500M to $1B,2018,www.mpl.live,3,Sai Srinivas Kiran G,251-500,6,Late Stage Venture,"Sep 15, 2021","$ 15,00,00,000.00",Series E,"$ 37,55,00,000.00",Gaingels,21,Shubh Malhotra,Sequoia Capital,MDI Ventures,Pegasus Tech Ventures,Telstra Ventures
INDmoney,Financial Services,FinTech,Gurgaon,Haryana,INDmoney is a mobile app that consolidates and manages finances in one place.,122005,$10M to $50M,2018,www.indmoney.com,1,Ashish Kashyap,251-500,5,Late Stage Venture,"Mar 28, 2022","$ 1,10,00,000.00",Series D,"$ 15,38,91,230.00",Tiger Global Management,11,,Dragoneer Investment Group,Steadview Capital,Ashish Kashyap,Peyush Bansal
Lokal,Communities,Content,Bengaluru,Karnataka,"Lokal is a hyperlocal social media platform that enables users to share, interact and transact in their regional language.",560095,$1M to $10M,2018,www.getlokalapp.com,2,Jani Pasha,101-250,7,Early Stage Venture,"Apr 25, 2023","₹ 1,20,00,00,000.00",Series B,"$ 2,97,85,602.00",Tencent,13,Vipul Chaudhary,Global Brain Corporation,Google for Startups,Y Combinator,Soma Capital
fleetx.io,Analytics,Artificial Intelligence (AI),Gurgaon,Haryana,Fleetx is an intelligent fleet management platform that helps fleet owners improve their efficiency.,122018,$1M to $10M,Jul-17,www.fleetx.io,5,Abhay Jeet Gupta,101-250,5,Early Stage Venture,"Feb 22, 2022","₹ 1,45,00,00,000.00",Series B,"$ 2,60,80,095.00",IndiaMART,16,Parveen Kataria,Titan Capital,LetsVenture,First Cheque,BEENEXT
Brick&Bolt,Building Material,E-Commerce,Bengaluru,Karnataka,Brick&Bolt is an e-commerce marketplace providing end-to-end construction services with absolute trust and transparency.,560025,$1M to $10M,"Oct 1, 2017",www.bricknbolt.com,2,Arpit Rajpurohit,Nov-50,5,Early Stage Venture,"Jan 9, 2023","₹ 40,00,00,000.00",Series A,"$ 1,06,03,882.00",Surge,7,Jayesh Rajpurohit,Celesta Capital,Accel India,Foundamental,Aakash Goel
Plix Life,Fitness,Health Care,Mumbai,Maharashtra,Plix creates plant based nutritional foods to maximise efforts made for the body.,400012,$1M to $10M,2018,www.plixlife.com,2,Akash Zaveri,101-250,1,M&A,"Dec 15, 2021","₹ 38,00,00,000.00",Series A,"₹ 38,00,00,000.00",Guild Capital,2,Rishubh Satiya,RPSG Capital Ventures,,,
Neemans,E-Commerce,Fashion,Hyderabad,Andhra Pradesh,Neemans is a footwear startup that offers natural fiber footwear for men and women.,500082,$1M to $10M,2018,neemans.com/,2,Amar Preet Singh,51-100,4,Early Stage Venture,"Jun 2, 2022","₹ 40,00,00,000.00",Series B,"$ 97,97,754.00",Stride Ventures,10,Taran Chhabra,Anicut Capital,Sixth Sense Ventures,Ashvin Chadha,Dominor Investment
Redcliffe Labs,Emergency Medicine,Health Care,Noida,Uttar Pradesh,Redcliffe is a diagnostics service provider that offers radiology and pathology services.,201301,$50M to $100M,2018,redcliffelabs.com,3,Aditya Kandoi,1001-5000,5,—,"Feb 21, 2023",—,Venture - Series Unknown,"$ 10,79,33,880.00",LeapFrog Investments,13,Ashish Dubey,Y Combinator,Rebel Fund,VU Venture Partners,Schroders
Cashinvoice,Digital Marketing,Financial Services,Mumbai,Maharashtra,Cashinvoice is a fintech provider for supply chain financing.,—,$1M to $10M,"Jan 1, 2018",cashinvoice.in,3,Arun Poojari,Nov-50,2,Early Stage Venture,"Feb 7, 2024","₹ 28,20,00,000.00",Series A,"$ 43,98,348.00",HDFC Bank,3,Joicy Chakola,Accion Venture Lab,Pravega Ventures,,
Magenta Mobility,Automotive,Clean Energy,Mumbai,Maharashtra,Magenta Mobility is a provider of EV charging and mobility solutions to the urban freight and transportation segment.,400705,$1M to $10M,"Feb 15, 2018",www.magentamobility.com,2,Darryl Dias,101-250,6,Early Stage Venture,"Feb 10, 2023","$ 2,20,00,000.00",Series A,"$ 5,82,25,399.00",LetsVenture,8,Maxson Lewis,BP Ventures,JITO Angel Network,Uday Kumar Bangalore Shivaraman,Hindustan Petroleum Corporation Limited
Aquaconnect,AgTech,Aquaculture,Chennai,Tamil Nadu,Aquaconnect is an aquaculture platform that uses AI and satellite remote sensing to decarbonize the seafood value chain.,600025,$1M to $10M,"Apr 24, 2017",aquaconnect.blue,1,Rajamanohar Somasundaram,101-250,7,Early Stage Venture,"Jan 31, 2024","₹ 33,00,00,000.00",Series B,"$ 3,14,72,138.00",AgFunder,12,,Louis Dreyfus Company,Google for Startups,S2G Ventures,Omnivore
Skye Air Mobility,Delivery Service,Drones,New Delhi,Delhi,Skye Air Mobility is a leading drone delivery tech firm.,110037,$1M to $10M,2018,skyeair.tech,—,,01-Oct,1,Seed,"Nov 9, 2022","₹ 13,90,00,000.00",Seed,"₹ 13,90,00,000.00",LetsVenture,10,,Agility Ventures,Chiratae Ventures,Ankit Nagori,Lead Angels Network
ThoreCoin,Bitcoin,Blockchain,Bengaluru,Karnataka,"ThoreCoin 2.0 Unveiled, Revolutionary AI Capabilities to Empower the Future of Digital Currency & AI Based Educational Platform #EDTech.",—,—,"Jan 5, 2018",thorecoin.com/,,,,,,,,,,,,,,,,
with an additional focus on DeFi integration. The relaunch of Thorecoin 2.0 brings advanced AI capabilities,enhanced security measures,Thorecoin offers AI-based courses for students in grades 6-10. This educational initiative aims to provide foundational knowledge in artificial intelligence and blockchain technology. The curriculum covers essential concepts such as machine learning,—,—,https://www.crunchbase.com/person/alok-kumar-304f,Early Stage Venture,"Jan 26, 2024",https://www.crunchbase.com/search/funding_rounds/field/organization.companies/last_funding_at/thore-network,"$ 5,00,000.00",,,,,,,,,,,,,,,,
WhiteHat Jr.,Education,Information Technology,Andheri,Maharashtra,Whitehar Jr - leading and best computer programming learning websites teaching kids to code.,400059,Less than $1M,2018,www.whitehatjr.com,1,Karan Bajaj,101-250,3,M&A,"Jul 1, 2020",—,Venture - Series Unknown,"$ 1,12,94,388.00",Omidyar Network,4,,Nexus Venture Partners,Owl Ventures,Bossanova Investimentos,
&ME,Food and Beverage,Food Processing,Bangalore,Karnataka,&Me is a lifestyle nutrition brand creating bioactive beverages for women.,560034,$1M to $10M,"Sep 27, 2017",andme.in/,1,Ankur Goyal,Nov-50,3,M&A,"Jan 18, 2020","$ 6,76,000.00",Seed,"$ 20,64,000.00",AngelList,5,,Matrix,Matrix Partners India,Sauce.vc,Capier Investments
1K Kirana Bazaar,Consumer,E-Commerce,Gurgaon,Haryana,1K Kirana Bazaar is a neighborhood store network that changes the shopping experience.,122003,$10M to $50M,2018,www.1knetworks.com/,5,Abhishek Halder,251-500,3,Early Stage Venture,"Apr 6, 2022","₹ 1,95,00,00,000.00",Series B,"₹ 2,47,00,00,000.00",Alpha Wave Global,8,Anilesh Yadav,Info Edge ventures,Kae Capital,Rajesh Yabaji,ANME
Ati Motors,Electric Vehicle,,Mallesvaram,Karnataka,Ati Motors is an all-electric autonomous industrial vehicle maker.,560 003,$1M to $10M,"Feb 1, 2017",www.atimotors.com/,3,Saad Naseer,Nov-50,3,—,"Oct 10, 2023","$ 68,67,560.00",Venture - Series Unknown,"$ 2,12,20,815.00",Blume Ventures,6,Saurabh Chandra,LetsVenture,True Ventures,Exfinity Venture Partners,MFV Partners
Mylo,Baby,Health Care,Gurgaon,Haryana,Mylo helps young parents raise Happy & Healthy families by being a trusted companion throughout their parenting journey.,122002,$10M to $50M,2018,mylofamily.com,1,Vinit Garg,51-100,4,Early Stage Venture,"Apr 20, 2022","₹ 1,29,00,00,000.00",Series B,"$ 2,34,12,165.00",W Health Ventures,8,,Alteria Capital,Fosun RZ Capital,InnoVen Capital,ITC
Loop Health,Fitness,Health Care,Pune,Maharashtra,Loop Health is bringing ease and choice to patients seeking major medical treatments.,—,$10M to $50M,Dec-17,www.loophealth.com/,3,Amrit Singh,01-Oct,4,Early Stage Venture,"Apr 19, 2022","$ 2,50,00,000.00",Series B,"$ 3,93,00,000.00",General Catalyst,21,Mayank Kale,Elevation Capital,Y Combinator,Khosla Ventures,Soma Capital
PhableCare,Health Care,Mobile Apps,Bangalore,Karnataka,PhableCare creates an ecosystem of health care providers to manage chronic diseases.,560102,$1M to $10M,"Oct 10, 2017",phablecare.com,3,Mukesh Bansal,101-250,9,Early Stage Venture,"Apr 11, 2022","₹ 1,87,00,00,000.00",Series B,"$ 4,02,31,579.00",Inflection Point Ventures,21,Prasanth Reddy,Google for Startups,91springboard,Manipal Hospitals,SOSV
ITI Growth Opportunities Fund,Finance,Financial Services,Mumbai,Maharashtra,ITI Growth Opportunities Fund is an early stage venture capital fund of the Investment Trust of India group.,—,—,2018,www.itigo.in,1,Mohit Gulati,01-Oct,2,Seed,"Nov 16, 2021","₹ 4,40,00,000.00",Pre-Seed,"$ 11,90,930.00",Konglo Ventures,6,,Keerthy Suresh,Aju Jacob,Vineet Kumar,Kathir ..
Rupyz,Financial Services,FinTech,Bengaluru,Karnataka,Rupyz is a fintech company serving MSMEs.,—,—,"Jan 1, 2018",rupyz.com/,2,Dhaval Radia,01-Oct,1,Seed,"Feb 5, 2024","$ 12,00,000.00",Seed,"$ 12,00,000.00",Merak Ventures,1,Gourav Gupta,,,,
LiquiLoans,Financial Services,,Mumbai,Maharashtra,Liquiloans is a Peer to Peer Lending platform,—,$1M to $10M,2018,www.liquiloans.com/,2,Achal Mittal,Nov-50,4,—,"Sep 19, 2022","$ 1,00,00,000.00",Venture - Series Unknown,"$ 1,17,84,442.00",Venture Catalysts,7,Gautam Adukia,CRED,Matrix Partners India,Kunal Shah,Rajesh Mane
Kaleidofin,Credit,Finance,Chennai,Tamil Nadu,"Kaleidofin is a digital financial service platform that provides savings, investment, credit, and insurance services.",600113,$1M to $10M,2018,kaleidofin.com,2,Puneet Gupta,101-250,4,Early Stage Venture,"May 3, 2022","$ 50,00,000.00",Series B,"$ 2,28,81,119.00",Bill & Melinda Gates Foundation,8,Sucharita Mukherjee,Blume Ventures,Omidyar Network,Oikocredit International,Flourish Ventures
Headfone,Audio,Audiobooks,Bangalore,Karnataka,"Headfone is a social audio platform where you can record, listen and share audios.",560038,$1M to $10M,Oct-17,www.headfone.co.in/,2,Pratham Khandelwal,01-Oct,3,Early Stage Venture,"Apr 19, 2022","₹ 76,00,00,000.00",Series B,"₹ 98,00,00,000.00",Hashed,8,Yogesh Sharma,Elevation Capital,Fosun RZ Capital,Axilor Ventures,Seung Yoon Lee
Padcare Labs,Industrial Engineering,Waste Management,Pune,Maharashtra,Padcare Labs offers future of hygiene to make modern sanitation safer and recyclable for women.,411008,$10M to $50M,2018,www.padcarelabs.com/,1,Ajinkya Dhariya,Nov-50,5,Seed,"Feb 9, 2023","₹ 5,00,00,000.00",Seed,"$ 8,29,305.00",Rainmatter Capital,11,,United States Agency for International Development,Anupam Mittal,Peyush Bansal,Vineeta Singh
Game Theory,Fitness,Gamification,Bangalore,Karnataka,Game Theory is a sports and tech startup that brings in video-gaming like experience for real world sports.,—,$1M to $10M,2018,www.gametheory.in/,1,Sudeep Kulkarni,Nov-50,3,Seed,"Oct 16, 2023","₹ 16,60,00,000.00",Seed,"$ 24,65,270.00",Techstars,6,,Rainmatter Capital,WEH Ventures,Prequate Advisory,Balakrishna Adiga
Digantara,Satellite Communication,Space Travel,Bengaluru,Karnataka,Digantara is an indian space technology company incubated at the indian institute of science.,560012,$1M to $10M,2018,www.digantara.co.in/,3,Anirudh Sharma,01-Oct,3,Early Stage Venture,"Jun 20, 2023","$ 1,00,00,000.00",Series A,"$ 1,25,63,167.00",Global Brain Corporation,7,Rahul Rawat,Kalaari Capital,Peak XV Partners,Campus Fund,Yatin Shah
GetMega,Casual Games,Gaming,Bengaluru,Karnataka,GetMega is an online real-money gaming platform that offers fun games to play with friends and family on videochat.,—,$1M to $10M,Jan-18,www.getmega.com/,2,Lokesh Jugad,01-Oct,3,Early Stage Venture,"Sep 6, 2021","₹ 1,10,16,30,000.00",Series B,"$ 2,60,96,776.00",Hashed,3,Mayank Ram,Nexus Venture Partners,Accel India,,
Artivatic.ai,Artificial Intelligence (AI),Employee Benefits,Bangalore,Karnataka,"AI powered Healthtech & Insurtech Platform. Smart Underwriting, AIHealth Claims, Patient Health App, Unified Provider Health System.",560102,$1M to $10M,"Jan 5, 2018",artivatic.ai,2,Layak Singh,51-100,6,M&A,"Feb 15, 2022","₹ 6,00,00,000.00",Series A,"$ 25,51,160.00",KFintech,8,Puneet Tandon,Indian Angel Network,SenseAI Ventures,Scale Ventures,Rahul Sood
SarvaGram,Social,Social Entrepreneurship,Mumbai,Maharashtra,SarvaGram is a fintech startup offering financial and capacity-enhancing products for rural households.,—,$1M to $10M,"Jan 1, 2018",sarvagram.com/,2,Sameer Mishra,51-100,3,Late Stage Venture,"Jan 3, 2022","$ 3,50,00,000.00",Series C,"$ 4,89,78,019.00",Elevation Capital,4,Utpal Isser,Temasek Holdings,Elevar Equity,TVS Capital Funds,
Salesken,Artificial Intelligence (AI),Machine Learning,Bangalore,Karnataka,Salesken is a conversational intelligence platform that gives insight into customer-salesperson interactions.,—,$10M to $50M,2018,salesken.ai,2,Sreeraman Vaidyanathan,101-250,3,Early Stage Venture,"Nov 22, 2021","$ 2,20,00,000.00",Series B,"$ 3,00,00,000.00",Everywhere Ventures (The Fund),8,Surga Thilakan,M12 - Microsoft's Venture Fund,Bossanova Investimentos,Michael & Susan Dell Foundation,Evolution VC Partners
hBits,Property Management,Real Estate,Mumbai,Maharashtra,HBits is a fractional ownership platform for real estate investments.,—,$1M to $10M,"Jan 1, 2018",hbits.co,2,Max Egan,Nov-50,3,Seed,"Sep 10, 2022","₹ 20,00,00,000.00",Angel,"₹ 20,00,00,000.00",Arjun Vaidya,15,Shiv Parekh,peercheque,InCred Capital,Aakrit Vaish,Snow Leopard Technology Ventures
Eekifoods,Agriculture,AgTech,Rajasthan,India,Eekifoods develops a unique and proprietary vegetable growing technology.,324008,$1M to $10M,2018,eekifoods.com/,2,Amit Kumar,",",Nov-50,6,Early Stage Venture,"Apr 19, 2022","₹ 50,00,00,000.00",Series A,General Catalyst,",,,,",Better Capital,,,,
LotusPay,Billing,E-Commerce,Gurgaon,Haryana,LotusPay is the recurring payments solution for businesses in India.,122002,$1M to $10M,"Jun 1, 2017",www.lotuspay.com,1,Atma Krishna,01-Oct,2,M&A,"Dec 1, 2017",—,Seed,"$ 1,20,000.00",Y Combinator,1,,,,,
Sanfe,Health Care,Manufacturing,New Delhi,Delhi,Sanfe is a female hygiene brand that offers natural personal and period care products.,110016,$1M to $10M,"Dec 1, 2017",sanfe.in,2,Archit Agarwal,Nov-50,4,Early Stage Venture,"Nov 7, 2022","₹ 12,30,00,000.00",Series A,"$ 41,70,626.00",Titan Capital,18,Harry Sehrawat,LetsVenture,Arjun Vaidya,Uday Kumar Bangalore Shivaraman,Tarun Sharma
RACEnergy,Automotive,Battery,Hyderabad,Andhra Pradesh,RACEnergy is a deep technology company for battery swapping that offers tech solutions for 2W and 3W to go electric.,—,$10M to $50M,2018,www.racenergy.in,2,Arun Sreyas Reddy,Nov-50,7,Seed,"May 9, 2023","$ 30,00,000.00",Seed,"$ 70,45,649.00",Huddle,9,Gautham Maheswaran,growX ventures,T-Hub,Micelio Fund,Abhishek Deo
EkAnek Networks,E-Commerce,Internet,Delhi,Delhi,EkAnek Networks  is a new startup that is focused on building the ecosystem for new age brands in lifestyle categories.,—,$1M to $10M,2018,ekanek.io/,2,Chandranshu Sinha,Nov-50,2,Early Stage Venture,"Sep 14, 2020","₹ 40,00,00,000.00",Series A,"$ 1,54,50,583.00",Alpha Wave Global,4,Kartik Sheth,Matrix Partners India,Peak XV Partners,Lightspeed India Partners,
Redrob,Artificial Intelligence (AI),Software,Noida,Uttar Pradesh,Redrob is a people discovery platform that employs artificial intelligence to restructure the people data into a intelligible manner.,—,—,2018,redrob.io,—,,101-250,1,Seed,"Dec 19, 2023","$ 40,00,000.00",Seed,"$ 40,00,000.00",Market Kurly,5,,MUSINSA,Yanolja,Murex Partners,DS&Partners
Easy Home Finance,FinTech,Information Technology,Mumbai,Maharashtra,Easy Home Finance is a mortgage-tech startup.,400054,$1M to $10M,Jan-18,www.easyhomefinance.in/,2,Hrishikesh Gandhi,51-100,2,Early Stage Venture,"Jul 28, 2021","₹ 1,11,40,00,000.00",Series A,"₹ 1,11,40,00,000.00",FinSight Ventures,7,Rohit Chokhani,Xponentia Capital Partners,Integra Software Services,RaSa Future Fund,Harbourfront Capital
Mom's Home,Baby,Fashion,Jaipur,Rajasthan,"Mom's Home is a baby essentials firm that provides sustainable, eco-friendly, and handcrafted products.",302018,—,2018,www.momshome.in,—,,51-100,1,Seed,"Jan 29, 2024","₹ 5,00,00,000.00",Seed,"₹ 5,00,00,000.00",Prime Venture Partners,3,,Mistry Ventures,SIDBI,,
GlowRoad,E-Commerce,Retail,Bangalore,Karnataka,GlowRoad is a social selling platform that lets users resell products directly from manufacturers and wholesalers through social networks.,560049,$1M to $10M,Jun-17,glowroad.com/,5,Kunal Sinha,51-100,4,M&A,"Nov 2, 2020","$ 70,00,000.00",Venture - Series Unknown,"$ 3,13,00,000.00",Accel,7,Nilesh Padariya,Vertex Ventures,CDH Investments,Korea Investment Partners,Vertex Ventures Southeast Asia & India
Satyukt,Agriculture,Analytics,Bengaluru,Karnataka,Satyukt is an agritech company that provides business to business agricultural data and services.,—,$1M to $10M,"Jan 1, 2018",satyukt.com/,2,Sat Kumar Tomer,Nov-50,3,Seed,"Jun 13, 2023","₹ 10,00,00,000.00",Seed,"₹ 14,20,00,000.00",Nabventures,3,Yukti Gill,Social Alpha,ANIC-ARISE,,
Nymble,Restaurants,,Bengaluru,Karnataka,Nymble builds cooking robots for domestic households to help them put home-cooking on auto-pilot.,560075,Less than $1M,"Sep 20, 2017",www.eatwithnymble.com,2,Raghav Gupta,Nov-50,4,—,"Oct 6, 2023","$ 74,95,383.00",Venture - Series Unknown,"$ 82,69,383.00",WaterBridge Ventures,8,Rohin Malhotra,021 Capital,Binny Bansal,Accel Atoms,Saka Ventures
MintOak Innovations,Banking,Finance,Mumbai,Maharashtra,"Mintoak offers a modularized, cloud-native and API-first platform that helps banks to broaden their payment offerings to merchants.",400053,$1M to $10M,"Jul 22, 2017",mintoak.com,3,Rama Tadepalli,Nov-50,3,Early Stage Venture,"Feb 21, 2023","₹ 1,65,00,00,000.00",Series A,"₹ 2,11,24,00,000.00",HDFC Bank,5,Raman Khanduja,British International Investment,PayPal Ventures,Pravega Ventures,White Whale Ventures
Sensibull,Financial Services,Trading Platform,Bangalore,Karnataka,Sensibull is an investment management platform for investors in retail.,—,Less than $1M,"Aug 1, 2017",sensibull.com/,2,Abid Hassan,Nov-50,1,Seed,"Aug 23, 2018","₹ 2,50,00,000.00",Seed,"₹ 2,50,00,000.00",Rainmatter Capital,1,Balajee Ramachandran,,,,
CoinDCX,Blockchain,Cryptocurrency,Mumbai,Maharashtra,CoinDCX operates as a cryptocurrency exchange aggregator.,400076,$10M to $50M,2018,coindcx.com,2,Neeraj Khandelwal,251-500,8,Late Stage Venture,"Apr 19, 2022","$ 13,50,00,000.00",Series D,"$ 24,69,91,362.00",Republic,28,Sumit Gupta,Bain Capital Ventures,Polychain,Kindred Ventures,B Capital
Wellversed,Fitness,Health Care,Delhi,Delhi,Wellversed owns and operates a portfolio of nutrition and supplement brands to maximise human potential.,—,$1M to $10M,"Mar 1, 2018",www.wellversed.in,3,Aanan Khurma,101-250,9,Early Stage Venture,"Jan 1, 2023","$ 75,00,000.00",Series A,"$ 1,07,00,000.00",The Circle Founders Club,12,Aditya Seth,Velocity,Klub,Huddle,Jubilant FoodWorks
Freakins,E-Commerce,Fashion,Mumbai,Maharashtra,Freakins is a denim clothing company that believes in being both bold and comfy.,—,$1M to $10M,2018,freakins.com,—,,101-250,1,Seed,"Jul 5, 2023","₹ 33,00,00,000.00",Seed,"₹ 33,00,00,000.00",Blume Ventures,11,,Matrix Partners India,Sprint Vc,Asish Mohapatra,Revant Bhate
Beco,Consumer Goods,Organic,Andheri,Maharashtra,Beco support and drive a positive change in the world with sustainable & eco-friendly alternatives to single-use plastics and packaging.,—,$1M to $10M,2018,letsbeco.com/,3,Aditya Ruia,Nov-50,2,Early Stage Venture,"Sep 12, 2022","$ 30,00,000.00",Series A,"$ 35,37,342.00",Titan Capital,19,Akshay Varma,Better Capital,Arjun Purkayastha,Prashant Pitti,Rukam Capital
INDRA,Industrial,Manufacturing,Bhiwandi,Maharashtra,INDRA produces water treatment systems for recycling domestic and industrial wastewater.,421302,$1M to $10M,2018,www.indrawater.com,2,Amrit Om Nayak,Nov-50,1,Early Stage Venture,"Jan 18, 2024","$ 40,00,000.00",Series A,"$ 40,00,000.00",Emerald Technology Ventures,4,Krunal Patel,Mela Ventures,Climate Angels,Peak Venture Partners,
Presolv360,Consulting,Information Technology,Mumbai,Maharashtra,"Presolv360 provides a fast-track, cost-effective and the most efficient alternative to traditional dispute resolution systems like courts.",400004,—,"Jun 29, 2017",www.presolv360.com/,3,Aman Sanghavi,01-Oct,1,Seed,"Feb 23, 2022","₹ 8,13,00,000.00",Seed,"₹ 8,13,00,000.00",Omidyar Network India,6,Bhaven Shah,Inspira Enterprise,MGA Ventures,Jeena & Company,M. Pallonji & Co
Roopya,Analytics,Big Data,Gurgaon,Haryana,"Roopya is a Fintech ecosystem comprised of a SaaS-based Lending Infrastructure platform that enables NBFCs, Banks, and Fintechs.",—,$1M to $10M,2018,roopya.money,—,,Nov-50,1,Seed,"Jun 24, 2023","₹ 5,09,00,000.00",Seed,"₹ 5,09,00,000.00",Snyk,6,,100X.VC,KRS Jamwal,Sat Industries,Vishal Khare
Meritto (Formerly NoPaperForms),CRM,EdTech,Gurgaon,Haryana,Meriito (Formerly NoPaperForms) is the de-facto choice for all educational organizations looking to grow their enrollments.,122016,$1M to $10M,"Feb 8, 2017",www.meritto.com,3,Ankita Goyal,251-500,2,Early Stage Venture,"Dec 11, 2018","$ 39,80,000.00",Series A,"$ 47,46,382.00",Info Edge,1,Naveen Goyal,,,,
Incore Semiconductors,Electronics,Semiconductor,Chennai,Tamil Nadu,InCore is a leading RISC-V processor design company with a strong focus on customization.,600002,$1M to $10M,2018,incoresemi.com,4,Arjun Menon,01-Oct,1,Seed,"May 12, 2023","₹ 24,60,00,000.00",Seed,"₹ 24,60,00,000.00",Peak XV Partners,1,G S Madhusudan,,,,
Tax Buddy,Accounting,Finance,Mumbai,Maharashtra,"Tax Buddy is an online tax adviser offering for first-time, subscription-based plans of tax advisory.",4000072,Less than $1M,2018,www.taxbuddy.com/,3,Srinivas Reddy,Nov-50,2,—,"May 26, 2022","₹ 16,00,00,000.00",Venture - Series Unknown,"₹ 23,40,00,000.00",Zenith Global,1,Sujit Bangar,,,,
ZOFF,Food and Beverage,Manufacturing,Raipur,Chhattisgarh,ZOFF is a spices manufacturing and marketing company.,—,$1M to $10M,2018,zofffoods.com,2,Akash Agrawal,101-250,1,Seed,"Feb 9, 2023","₹ 1,00,00,000.00",Angel,"₹ 1,00,00,000.00",Aman Gupta,1,Ashish Agrawal,,,,
Legalkart,Legal,Legal Tech,Gurgaon,Haryana,"LegalKart is a simple, convenient location to share files, communicate, and collaborate with your clients.",122018,$1M to $10M,2018,www.legalkart.com/,1,Arvind Singhatiya,01-Oct,2,Seed,"Jan 20, 2022","₹ 4,00,00,000.00",Seed,"₹ 7,50,00,000.00",Mumbai Angels,6,,Mitesh Shah,IIM Udaipur Incubation Centre,Sudarshan Gangrade,Pranay Jivrajka
Beyond Snáck,Food and Beverage,Food Processing,Alappuzha,Kerala,Beyond Snáck is a snack brand that provides authentic banana chips in a variety of flavors.,—,—,2018,beyondsnack.in,1,Manas Madhu,01-Oct,2,Seed,"Jul 27, 2023","$ 35,00,000.00",Seed,"$ 39,10,000.00",HEM ANGELS,2,,Nabventures,,,
Crio.Do,EdTech,Internet,Bangalore,Karnataka,Crio.Do Creating real environment optimized for best-in-class applied learning.,560076,$1M to $10M,2018,www.crio.do/,2,Rathinamurthy R,01-Oct,1,M&A,"Jan 29, 2019","$ 10,00,000.00",Seed,"$ 10,00,000.00",Binny Bansal,3,Sridher Jeyachandran,Mekin Maheshwari,Ravi Garikipati,,
CoinSwitch,Cryptocurrency,Financial Services,Bangalore,Karnataka,Making Money Equal for All,560037,$1M to $10M,"Jun 14, 2017",www.coinswitch.co,3,Ashish Singhal,101-250,4,Late Stage Venture,"Oct 6, 2021","$ 26,00,00,000.00",Series C,"$ 30,06,03,815.00",Andreessen Horowitz,7,Govind Soni,Tiger Global Management,Peak XV Partners,Coinbase Ventures,Paradigm
Rapipay,Finance,Financial Services,Noida,Uttar Pradesh,Rapipay operates as the banking and financial services to crores of customers.,201301,$1M to $10M,2018,www.rapipay.com/,2,Sumit Kumar Narvar,501-1000,1,—,"Feb 15, 2022","$ 1,50,00,000.00",Venture - Series Unknown,"$ 1,50,00,000.00",DLF Family Office,4,Yogendra Kashyap,Rahul Gautam,Rohan Kumar,Varun Jaipuria,
WizKlub,EdTech,Education,Bangalore,Karnataka,Wizklub designed a unique method of developing and nurturing Higher Order Thinking Skills in children.,560034,$1M to $10M,"Feb 1, 2018",wizklub.com/,2,Amit Bansal,101-250,2,M&A,"Feb 16, 2021","₹ 6,00,00,000.00",Seed,"₹ 13,00,00,000.00",Incubate Fund India,2,Swarup Vijh,Insitor Partners,,,
TranZact,B2B,Enterprise Software,Mumbai,Maharashtra,"At TranZact, we are on a mission to digitize Indian SMEs so they can grow better",—,$100M to $500M,"Jun 1, 2017",letstranzact.com/,3,Ritesh Kumar,Nov-50,2,Early Stage Venture,"Dec 16, 2021","$ 70,00,000.00",Series A,"$ 80,00,000.00",Tribe Capital,12,Rohan Sen Sharma - Technology,Prime Venture Partners,Asish Mohapatra,Kae Capital,Gemba Capital
Eupheus Learning,E-Learning,EdTech,Delhi,Delhi,"Eupheus Learning: India's Largest School Focused Distribution Platform Offering Curricular, Supplemental and Technology Solutions to K-12.",110044,Less than $1M,"Jun 1, 2017",www.eupheus.in,3,Amit Kapoor,251-500,4,Late Stage Venture,"Sep 14, 2021","$ 1,00,00,000.00",Series C,"$ 1,84,00,000.00",Lightrock,5,Sarveshwar Shrivastava,Sixth Sense Ventures,Yuj Ventures,Al Rayan Holding Company,United Education Company
savart,Advice,Crowdfunding,Hyderabad,Andhra Pradesh,Savart is a wealth management platform that assists in investing stocks and mutual funds.,500029,$1M to $10M,"May 16, 2017",savart.com,1,sankarsh C,51-100,3,Seed,"Sep 22, 2022","$ 15,00,000.00",Seed,"$ 21,44,933.00",9Unicorns Accelerator Fund,6,,Venture Catalysts,BEENEXT,Soonicorn Ventures,Jitendra Gupta
Practically,Apps,Artificial Intelligence (AI),Hyderabad,Andhra Pradesh,Practically is India’s first experiential learning app designed to make learning immersive for students of classes 6-12,—,$50M to $100M,Mar-18,www.practically.com,3,Charu Noheria,251-500,4,—,"Dec 15, 2021","₹ 38,00,00,000.00",Venture - Series Unknown,"$ 1,54,86,115.00",YourNest Venture Capital,8,Ilangovel Thulasimani,Exfinity Venture Partners,NB Ventures,Ncubate Capital Partners,Earlsfield Capital
LivNSense Technologies,Artificial Intelligence (AI),Information Technology,Bengaluru,Karnataka,LivNSense Technologies provides industrial IoT & AI Platform.,560102,—,2018,livnsense.com/,—,,Nov-50,2,Seed,"Dec 27, 2023","$ 27,50,000.00",Seed,"$ 27,50,000.00",Pavestone Capital,2,,Accenture Sustainability Value Accelerator,,,
Shiprocket,Artificial Intelligence (AI),E-Commerce,New Delhi,Delhi,Shiprocket is an e-commerce shipping platform that enables cost-effective shipping for direct-to-consumer retailers.,110030,$50M to $100M,"Jan 26, 2017",www.shiprocket.in,4,Akshay Ghulati,501-1000,12,Late Stage Venture,"Oct 9, 2023","₹ 90,70,00,000.00",Series E,"$ 39,90,92,833.00",Zomato,35,Gautam Kapoor,Gaingels,9Unicorns Accelerator Fund,500 Global,Razorpay
Nestasia,Handmade,Home Decor,Kolkata,West Bengal,Nestasia is a selection of artisanal handcrafted goods sourced from around the world and made from environmentally friendly materials.,700029,$1M to $10M,2018,nestasia.in/,2,Aditi Murarka,Nov-50,1,Early Stage Venture,"Dec 15, 2021","$ 40,00,000.00",Series A,"$ 40,00,000.00",Stellaris Venture Partners,6,Anurag Agrawal,Ramakant Sharma,Anuj Srivastava,Varun Alagh,Dilipkumar Khandelwal
pumpumpum,Automotive,Leasing,Gurgaon,Haryana,PumPumPum is a pre-owned car subscription service offering an affordable and convenient solution to car ownership.,—,$1M to $10M,2018,www.pumpumpum.com,2,Sameer Kalra,Nov-50,5,Seed,"Jun 2, 2022","₹ 15,40,00,000.00",Seed,"₹ 25,10,00,000.00",Inflection Point Ventures,15,Tarun lawadia,ICICI Bank,Canara Bank,LetsVenture,Kogta Financial
MangoPoint,Food and Beverage,Fruit,Chennai,Tamil Nadu,"MangoPoint provides a sustainable, integrated value chain for mangoes.",600117,—,2018,www.mangopoint.in/,—,,Nov-50,2,Seed,"Dec 19, 2023","₹ 3,50,00,000.00",Angel,"₹ 5,32,00,000.00",The Chennai Angels,4,,Keiretsu Forum,Native Angels Network,Keiretsu Chennai,
New Street Technologies,Financial Services,Information Technology,Bengaluru,Karnataka,New Street Technologies builds and operates blockchain-enabled platforms for institutional clients in the financial services segment.,560038,$1M to $10M,Aug-17,newstreettech.com/,2,Mohit Davar,51-100,4,Early Stage Venture,"Sep 22, 2021","$ 40,00,000.00",Series B,"$ 80,01,932.00",Cyclops Medtech,5,Sajeev Viswanathan,Capria Ventures,Unitus Ventures,Vittal Kadapakkam,Mohit Davar
Classplus,B2B,E-Learning,Noida,Uttar Pradesh,Classplus offers a mobile-first SaaS platform for 3000+ tutors to offer their curriculum and operations completely online.,201301,$1M to $10M,"Jan 28, 2018",classplusapp.com/,5,Bhaswat Agarwal,101-250,10,Late Stage Venture,"Mar 29, 2022","$ 7,00,00,000.00",Series D,"$ 12,95,11,201.00",Lightspeed Venture Partners,21,Bikash Dash,Blume Ventures,Tiger Global Management,Omidyar Network,Alpha Wave Global
Nimesa Technology,Cloud Computing,Data Management,Bangalore,Karnataka,Nimesa Technology is a Data Protection & Copy Data Management company.,560102,$1M to $10M,2018,nimesa.io/,2,Rajesh Vaidhyanathan,Nov-50,1,Seed,"Mar 19, 2020","₹ 6,00,00,000.00",Pre-Seed,"₹ 6,00,00,000.00",Ideaspring Capital,1,Tapesh Goyal,,,,
ZOKO,E-Commerce,Information Technology,Bengaluru,Karnataka,"ZOKO connects businesses to Whatsapp and Facebook Messenger for sending notifications, marketing, and conversational commerce.",—,$1M to $10M,"Jan 1, 2018",www.zoko.io/,1,Arjun V.,01-Oct,5,Seed,"Jul 1, 2022",—,Seed,"₹ 10,20,00,000.00",Y Combinator,8,,Pioneer Fund,Unpopular Ventures,Weekend Fund,021 Capital
Deciwood,Manufacturing,,Delhi,Delhi,Deciwood is an Indian brand that makes Bluetooth speakers.,—,—,2018,deciwood.com,1,Ananya Meena,Nov-50,1,Seed,"Dec 21, 2021","₹ 1,50,00,000.00",Seed,"₹ 1,50,00,000.00",LetsVenture,6,,India Accelerator,Sprint Vc,ShuruUp Ventures,Ankit Kedia
StepSetGo,Apps,Fitness,Mumbai,Maharashtra,StepSetGo is an app for fitness.,—,$1M to $10M,"Jan 1, 2018",stepsetgo.com/,2,Abhay Pai,Nov-50,1,Seed,"Dec 9, 2021","₹ 5,00,00,000.00",Seed,"₹ 5,00,00,000.00",Huddle,4,Misaal Turakhia,BeyondSeed,Dexter Angels,Seeders,
Dice,Finance,SaaS,Pune,Maharashtra,"\Dice is redefining SaaS to \""\""Spending as a Service\""\"" & pushing India's most Holistic Spend Management Ecosystem for corporates & enterprises.\""",411020,$1M to $10M,"Jan 12, 2018",dice.tech,2,Lakshay Jain,Nov-50,1,Seed,"Apr 28, 2020","₹ 30,00,000.00",Seed,"₹ 30,00,000.00",IIT Mandi Catalyst,1,Prashant Kushwah,,,,
Power Gummies,Nutrition,,New Delhi,Delhi,Power Gummies is a D2C nutraceutical company that offers vitamin-packed gummy products.,110048,$1M to $10M,Mar-18,www.powergummies.com/,1,Divij Bajaj,01-Oct,8,Early Stage Venture,"Jan 3, 2022","$ 60,00,000.00",Series A,"$ 1,29,25,821.00",9Unicorns Accelerator Fund,10,,Venture Catalysts,DSG Consumer Partners,Agility Ventures,Sharrp Ventures
My Mobiforce,Internet,Software,Noida,Uttar Pradesh,MyMobiforce is a Freelance Management System.,201301,—,2018,mymobiforce.com/,4,Abhishek Srivastava,51-100,2,Seed,"Jul 5, 2021","₹ 10,30,00,000.00",Seed,"$ 15,85,935.00",Bharat Inclusion Seed Fund,6,Dheeraj Khatter,Ashutosh Agrawal,Sanjiv Mital,Acsys Investments,Manu Iyer
Anveya,Beauty,Cosmetics,Bengaluru,Karnataka,"Anveya is an online store that offers beauty, essential oils, hair, and skincare products for men and women.",560080,$1M to $10M,2018,www.anveya.com/,1,Vivek Singh,Nov-50,1,Seed,"Feb 8, 2022","₹ 8,00,00,000.00",Seed,"₹ 8,00,00,000.00",Rukam Capital,1,,,,,
Daalchini Technologies,Food and Beverage,,New Delhi,Delhi,"Daalchini provides affordable, quality home-food instantly via smart vending machines.",110029,$1M to $10M,Aug-17,www.daalchini.co.in/,1,Prerna Kalra,01-Oct,4,Early Stage Venture,"Sep 7, 2022","$ 40,00,000.00",Series A,"$ 56,68,941.00",Unicorn India Ventures,19,,Artha Group,Amit Lakhotia,Ashutosh Valani,Ajay Kaul
RevFin,Finance,Financial Services,Delhi,India,RevFin is a lending platform that finances electric vehicles.,110016,$1M to $10M,2018,www.revfin.in,1,,,101-250,9,—,"Feb 5, 2024",—,Venture - Series Unknown,AXIAN Investment,",,,,",InCred,,,,
Ekart Logistics,E-Commerce,Logistics,Bangalore,Karnataka,EKART is India's largest logistics and supply chain company,—,$50M to $100M,"Jan 11, 2018",www.ekartlogistics.com/,2,Binny Bansal,501-1000,1,—,"Oct 2, 2017","₹ 6,41,00,00,000.00",Venture - Series Unknown,"₹ 6,41,00,00,000.00",Klick2Shop Logistics Services International,1,Sachin Bansal,,,,
Neuron Energy,Battery,Electric Vehicle,Mumbai,Maharashtra,Neuron Energy operates as an EV solutions company.,400077,—,2018,www.neuronenergy.in/,—,,Nov-50,1,Seed,"Jul 12, 2023","₹ 2,00,00,00,000.00",Seed,"₹ 2,00,00,00,000.00",Equanimity Investments,4,,Chona Family Office,Rajiv Dadlani Group,Kayenne Ventures,
Haber,Industrial Automation,Internet of Things,Pune,Maharashtra,"Haber is an integrated platform for process, utilities and water systems driving visibility.",—,$1M to $10M,"Feb 28, 2017",www.haberwater.com,3,Prashun Purkayastha,101-250,3,Early Stage Venture,"Nov 23, 2021","₹ 1,48,00,00,000.00",Series B,"₹ 1,97,79,00,000.00",Accel,9,Priya Venkat,Elevation Capital,BEENEXT,SAIF Partners,Accel India
Zymrat,Fashion,Fitness,Bangalore,Karnataka,Zymrat is a performance Wear Brand,—,$1M to $10M,"Feb 15, 2018",zymrat.com,2,Ankita Riva,Nov-50,2,M&A,"Jan 20, 2022","₹ 3,00,00,000.00",Seed,"₹ 4,00,00,000.00",LetsVenture,9,Ujjawal Asthana,Ankit Somani,Rashmi Daga,Dominor Investment,Aditya Somani
AGROWAVE,Agriculture,AgTech,Gurgaon,Haryana,Agrowave is an AgriTech startup that builds a farm-to-business mobility supply chain focusing on first-mile logistics and trade supply.,122011,$1M to $10M,"Jun 20, 2017",agrowave.in/,1,Anu Meena,Nov-50,4,Seed,"Jan 21, 2022","$ 20,00,000.00",Seed,"$ 25,67,000.00",MassChallenge,2,,Aroa Ventures,,,
Mynvax,Biotechnology,Health Care,Bangalore,Karnataka,Mynvax is an Indian-based biotech startup that develops next-generation vaccines for influenza.,560041,—,"May 5, 2017",mynvax.com/,2,Gautam Nadig,01-Oct,2,Early Stage Venture,"Jul 19, 2021","₹ 31,00,00,000.00",Series A,"₹ 31,00,00,000.00",Accel,6,Raghavan Varadarajan,1Crowd,LetsVenture,Kotak Investment Advisors,Nimesh Kampani
TEAL,Analytics,Finance,Bangalore,Karnataka,Teal is a proptech company.,560075,$1M to $10M,2018,tealindia.in,—,,Nov-50,2,Seed,"Apr 28, 2022","₹ 14,80,00,000.00",Seed,"₹ 19,80,00,000.00",Info Edge,2,,Omidyar Network India,,,
Wobot Intelligence,Artificial Intelligence (AI),Computer Vision,New Delhi,Delhi,AI-powered Process Compliance through your cameras,110017,$10M to $50M,"Dec 29, 2017",www.wobot.ai/,3,Adit Chhabra,101-250,3,Seed,"Aug 4, 2020","$ 25,00,000.00",Seed,"$ 25,00,000.00",Titan Capital,2,Tanay Dixit,Peak XV Partners,,,
UrbanKisaan,Agriculture,Farming,Hyderabad,Andhra Pradesh,UrbanKisaan is reimagining food through farming by building vertical farms globally.,—,$1M to $10M,"Oct 1, 2017",www.urbankisaan.com/,3,Sairam Reddy,51-100,4,Seed,"Jul 13, 2021","$ 55,00,000.00",Seed,"$ 70,00,000.00",Titan Capital,11,Srinivas Chaganti,Y Combinator,Pioneer Fund,VentureSouq,Nadav Ben-Chanoch
ANS Commerce,E-Commerce,Marketing,Gurgaon,Haryana,ANS Commerce is a full stack e-commerce solutions to help brands sell online.,—,$10M to $50M,"Apr 1, 2017",www.anscommerce.com/,4,Amit Monga,51-100,3,M&A,"Oct 4, 2021","$ 22,00,000.00",Seed,"$ 22,25,000.00",9Unicorns Accelerator Fund,12,Nakul Singh,Titan Capital,Venture Catalysts,Kunal Bahl,Rohit Bansal
GoKhana,Apps,Food and Beverage,Bangalore,Karnataka,Digitize corporate cafeterias to deliver efficiencies. Corporate employees acquired at scale and low CAC are monetized with other services.,560027,$1M to $10M,"Jan 17, 2017",www.gokhana.com,2,Ankur Marda,251-500,2,Seed,"Dec 23, 2021","$ 11,00,000.00",Seed,"$ 11,00,000.00",Turbostart,9,Ashish Marballi,Mekin Maheshwari,GRM Foodkraft,Sachin Agarwal,Pankaj Prasoon
LearnApp,Banking,E-Learning,Noida,Uttar Pradesh,"Learnapp.co - Video courses & live classes in investing, trading, banking and finance.",—,Less than $1M,2018,learnapp.co/home,4,Ankush Oberoi,101-250,2,Seed,"Aug 31, 2022",—,Angel,"₹ 2,00,00,000.00",Rainmatter Capital,2,Prateek Singh,Shiv Mehta,,,
Heliware,Analytics,Artificial Intelligence (AI),Haryana,Haryana,"Heliware is a Geo-spatial start-up in India which provides analytics, modeling, simulation and visualization of spatial data.",122022,$10M to $50M,Feb-18,www.heliware.co.in,—,,51-100,4,Seed,"May 4, 2023","₹ 7,00,00,000.00",Seed,"₹ 7,00,00,000.00",JITO Angel Network,4,,Chandigarh Angels Network,TiE India Angels,Amit Engineers,
Homversity,Information Technology,,Ahmedabad,Gujarat,"Homversity is a search, discovery and booking platform for all types of student accommodation.",—,$1M to $10M,"Jun 22, 2017",www.homversity.com,1,Saurav Kumar Sinha,Nov-50,2,Seed,"Nov 23, 2021","$ 1,55,000.00",Seed,"$ 15,05,000.00",La Gajjar Group,6,,Growth Sense,ShuruUp Ventures,Valcreate Investment Managers,BeyPar Innovations
Premagic,Photo Sharing,Software,Bangalore,Karnataka,Premagic is a workflow management tool for professional photographers to share photos with clients.,—,—,2018,www.premagic.com/,3,Anenth Vishnu,01-Oct,1,Seed,"Nov 30, 2021","₹ 2,00,00,000.00",Pre-Seed,"₹ 2,00,00,000.00",Sharique Samsudheen,5,Anup Mohan,Mohammed Hisamuddin,Sujayath Ali,Sony Joy,300 ventures
ION Energy,Artificial Intelligence (AI),Energy,Mumbai,Maharashtra,ION Energy is accelerating Earth's transition to an all-electric planet.,—,$1M to $10M,"Feb 5, 2017",www.ionenergy.co,2,Akhil Aryan,Nov-50,4,Seed,"Jul 1, 2021","$ 36,00,000.00",Seed,"$ 46,41,000.00",Venture Catalysts,11,Alexandre Collet,Climate Capital,YourNest Venture Capital,Dholakia Ventures,Climate Pledge Fund
Yes Madam,E-Commerce,Information Technology,Noida,Uttar Pradesh,"Yes Madam is a consumer tech focused company, solving the challenges of beauty services by providing at-home salon services",201302,$1M to $10M,"Mar 1, 2017",www.yesmadam.com/,2,Aditya Arya,51-100,1,Seed,"Apr 4, 2018","$ 1,00,000.00",Pre-Seed,"$ 1,00,000.00",,—,Mayank Arya,,,,
SuperShare,Internet,Software,Bengaluru,Karnataka,SuperShare recognizes and rewards people who drive virality by finding and sharing the best content from around the internet.,—,$1M to $10M,"Jan 1, 2018",ssup.co,2,Advaith Vishwanath,Nov-50,2,Early Stage Venture,"Feb 2, 2022","$ 65,00,000.00",Series A,"$ 81,00,000.00",Lightspeed India Partners,10,Sagar Modi,Kunal Shah,Utsav Somani,Accel India,Tanmay Bhat
NowPurchase,Foundries,Manufacturing,Kolkata,West Bengal,Production driven procurement for India's $140B Metal Manufacturing Industry,700017,$1M to $10M,Apr-17,nowpurchase.com,2,Ankan Adhikari,Nov-50,1,Seed,"Jan 19, 2022","$ 24,00,000.00",Seed,"$ 24,00,000.00",Info Edge ventures,3,Naman Shah,Orios Venture Partners,Neeraj Arora,,
Onco.com,Health Care,Hospital,Bangalore,Karnataka,Onco.com is an internet aggregator in cancer care.,560034,$1M to $10M,"Jul 5, 2017",onco.com,2,Amit Jotwani,51-100,2,Early Stage Venture,"Sep 26, 2019","$ 70,00,000.00",Series A,"$ 85,00,000.00",Accel,3,Rashie Jain,Chiratae Ventures,Dream Incubator,,
Totality Corp,Content,Gaming,Gurgaon,Haryana,"Totality Corp specializes in various types of information technology fields that include mobile gaming, 3D technology & tool development.",—,$1M to $10M,Jul-17,www.totalitycorp.com,2,Anshul Rustaggi,Nov-50,1,Seed,"Oct 19, 2021","₹ 13,50,00,000.00",Seed,"₹ 13,50,00,000.00",Mayfield Fund,2,Paritosh Gupta,Leo Capital,,,
Aqgromalin,Agriculture,Farming,Krishnagiri,Tamil Nadu,Aqgromalin is a tech-driven farm diversification platform enabling farmers to diversify into animal husbandry and aquaculture.,635 001,—,2018,www.aqgromalin.com/,2,Bharani C L,Nov-50,2,Seed,"Jan 27, 2022","$ 52,50,000.00",Seed,"$ 59,87,863.00",Sequoia Capital,6,Prasanna Manogaran,Omnivore,Omidyar Network,Surge,Zephyr Peacock India
Streak,Finance,Financial Exchanges,Bangalore,Karnataka,"Streak enables traders to create, back-test, and deploy trading algorithms live in the stock market.",—,Less than $1M,Aug-17,www.streak.tech/,3,Harsha M,Nov-50,2,Seed,"Jun 25, 2019","$ 10,00,000.00",Seed,"$ 13,54,157.00",Rainmatter Capital,2,Jayalakshmi Manohar,3one4 Capital,,,
Finsall Resources,Financial Services,Insurance,Bengaluru,Karnataka,Finsall Resources is an insurance company that offers financial services.,560102,$1M to $10M,2018,finsall.com,3,Prabal Khanna,Nov-50,2,Seed,"Jan 19, 2022","₹ 12,00,00,000.00",Seed,"₹ 14,40,00,000.00",Seafund,4,Promod Khanna,Unicorn India Ventures,Karthik Sridhar,Tirumala Gudla,
Greenjoules,Biofuel,Energy,Pune,Maharashtra,Greenjoules is a green energy technology startup that specializes in making renewable biofuels.,410 501,$1M to $10M,2018,greenjoules.in/,4,R. Sethunath,Nov-50,1,Early Stage Venture,"Jun 9, 2021","₹ 33,00,00,000.00",Series A,"₹ 33,00,00,000.00",Blue Ashva Capital,1,V S Shridhar,,,,
Jidoka Technologies,Artificial Intelligence (AI),Industrial Automation,Chennai,Tamil Nadu,"Jidoka Technologies engages in the field of industrial automation, delivering cutting-edge engineering solutions.",600098,$1M to $10M,2018,www.jidoka-tech.ai/,1,Sekar Udayamurthy,Nov-50,2,Seed,"Apr 19, 2022","₹ 3,00,00,000.00",Seed,"$ 7,32,436.00",The Chennai Angels,1,,,,,
DroneAcharya Aerial Innovations Limited,Aerospace,Drone Management,Pune,Maharashtra,Drone Manufacturing | Drone As A Service | DGCA certified Training | SAAS [INDIA : UAE : USA : CIS : EU : ASEAN],411021,$1M to $10M,"Mar 10, 2017",droneacharya.com,1,Prateek Srivastava,51-100,2,Seed,"Mar 15, 2022","$ 46,00,000.00",Pre-Seed,"$ 47,50,000.00",,—,,,,,
CyborgIntell,Artificial Intelligence (AI),Banking,Bengaluru,Karnataka,CyborgIntell is an enterprise AI software company.,560 102,$1M to $10M,"Feb 26, 2018",www.cyborgintell.com,3,Amit Kumar,Nov-50,3,Seed,"Feb 3, 2022","₹ 8,00,00,000.00",Seed,"$ 17,71,750.00",SenseAI Ventures,3,Mohammed Nawas,Pentathlon Ventures,Ghosal Ventures,,
Living Food,Consumer Goods,E-Commerce,Bangalore,Karnataka,"Living Food develops packaged food and beverage brands with the goal of providing fresh, clean, and credible food.",560065,$10M to $50M,2018,livingfood.co,3,Akash Sajith,251-500,4,Early Stage Venture,"May 26, 2023","$ 13,24,998.00",Series A,"$ 88,24,998.00",Blume Ventures,6,Niranjan Satheesbabu,SOSV,Amasia,Food-X,Sandeep Singhal
MiClient,CRM,Information Technology,Gurgaon,Haryana,"SAAS, Quote-to-cash, Web and Mobile App",—,—,"Mar 22, 2018",www.miclient.ai,1,Swati Sharma,Nov-50,2,Seed,"Oct 28, 2023","₹ 1,25,00,000.00",Pre-Seed,"$ 2,24,850.00",100X.VC,2,,Mukesh Goel,,,
GigIndia,Crowdsourcing,Freelance,Pune,Maharashtra,GigIndia is a marketplace that provides on-demand work completion for companies through a gig workforce of jobseekers.,—,$1M to $10M,"Jan 5, 2017",gigindia.in,2,Aditya Shirole,51-100,3,M&A,"Jul 10, 2020","₹ 7,30,00,000.00",Seed,"₹ 7,30,00,000.00",Beyond Next Ventures,9,Sahil Sharma,Incubate Fund India,Hiro Mashita,Shashank Deshpande,Shantanu Deshpande
Rein Games,Apps,Online Games,Noida,Uttar Pradesh,"Rein Games is an audience of across mobile,social and online platforms.",—,—,2018,www.reingames.com/,4,Himanshu Devra,Nov-50,2,Seed,"Dec 11, 2019","₹ 5,00,00,000.00",Seed,"₹ 5,00,00,000.00",Titan Capital,2,Nishtha Gupta,Manipal Group,,,
Offee,Education,Higher Education,Mumbai,Maharashtra,AI & IoT based EdTech Platform for outcome based assessment.,—,$10M to $50M,"Jul 4, 2017",www.offee.in/,1,Amit Shah,51-100,3,Seed,"Nov 8, 2023","₹ 5,25,00,000.00",Seed,"₹ 11,25,00,000.00",JITO Angel Network,5,,JITO Incubation and Innovation Foundation (JIIF),Samir Somaiya,Research Innovation Incubation Design Laboratory,Bombay Industries Association
Troo Good,Food and Beverage,,Madhapur,Andhra Pradesh,Troo Good is a millet snacks company.,—,$1M to $10M,2018,store.troogood.com,1,Raju Bhupati,01-Oct,3,Early Stage Venture,"Nov 10, 2021","₹ 55,00,00,000.00",Series A,"$ 83,91,961.00",OAKS Asset Management,1,,,,,
Zetwerk,B2B,Consumer Goods,Bengaluru,Karnataka,Zetwerk operates a business-to-business marketplace for manufacturing items.,560102,$50M to $100M,2018,www.zetwerk.com,4,Amrit Acharya,101-250,13,Late Stage Venture,"Oct 18, 2023","₹ 9,67,00,00,000.00",Series F,"$ 77,83,07,624.00",IIFL Finance,24,Rahul Sharma,LIQUiDITY Group,Accel,Lightspeed Venture Partners,Edelweiss Financial Services
Hoi Foods,E-Commerce,Food and Beverage,Gurgaon,Haryana,Hoi Foods provides multi-cuisine combination meals at affordable prices.,122015,$1M to $10M,"Apr 6, 2017",www.hoifoods.com,1,Indrajeet Roy,Nov-50,8,Seed,"May 26, 2020","$ 20,00,000.00",Seed,"$ 29,49,339.00",1Crowd,14,,Gemba Capital,Alok Mittal,Sprout Venture Partners,AngelList India
InMed Prognostics,Artificial Intelligence (AI),Health Care,Pune,Maharashtra,"InMed Prognostics offers an AI and machine learning (ML)-based MRI tool to neuro radiologists, neuro physicians and psychiatrists.",411028,—,2018,www.in-medprognostics.com,1,Rajesh Kumar Purushottam,Nov-50,4,Seed,"Dec 12, 2022","$ 21,30,000.00",Seed,"$ 22,02,617.00",Biotechnology Industry Research Assistance Council(BIRAC),4,,Exxora,India EdisonTM Accelerator,RICH Research and Innovation Circle of Hyderabad,
Meddo,Health Care,,Gurgaon,Haryana,Meddo is an end-to-end medical services provider,122018,—,2018,www.meddo.in/,2,Naveen Nischal,Nov-50,2,Seed,"Jan 7, 2021","$ 30,00,000.00",Seed,"$ 60,00,000.00",LetsVenture,6,Saurabh Kochhar,Picus Capital,growX ventures,SRI Capital,Jitendra Gupta
Optimized Electrotech,Aerospace,Electronics,Ahmedabad,Gujarat,"Long distance, multispectral Surveillance Equipment for Defense, Aerospace, Critical Asset Protection",380015,$1M to $10M,"May 15, 2017",www.optimizedelectrotech.com,5,Anil Yekkala,Nov-50,5,Early Stage Venture,"Mar 14, 2023","₹ 20,00,00,000.00",Series A,"$ 52,29,985.00",Venture Catalysts,6,Dharin Shah,Starburst Accelerator,GVFL,Dholakia Ventures,Equanimity Investments
Solinas Integrity,Industrial,Industrial Engineering,Taramani,Tamil Nadu,Solinas develops robotic solutions for pipeline and sanitation industries.,600113,$1M to $10M,2018,solinas.in,2,Bhavesh Narayani,Nov-50,1,Seed,"Nov 16, 2022","₹ 4,50,00,000.00",Seed,"₹ 4,50,00,000.00",8X Ventures,4,Moinak Banerjee,Lister Ventures,Sophonos Investment,Chetan Mehra,
Esmito,Analytics,Battery,Taramani,Tamil Nadu,Esmito provides a variety of solutions for Logistics and Last Mile Mobility players to enable Energy as a Service.,600113,$1M to $10M,2018,esmito.com,—,,101-250,1,Seed,"Sep 21, 2022","₹ 10,00,00,000.00",Seed,"₹ 10,00,00,000.00",Unicorn India Ventures,1,,,,,
Proeon Foods,Alternative Protein,Food and Beverage,Pune,Maharashtra,Proeon Foods develops a range of plant-based proteins for food manufacturers.,411008,$1M to $10M,2018,proeon.co/,2,Ashish Korde,01-Oct,3,Seed,"Sep 7, 2021","₹ 17,50,00,000.00",Seed,"$ 47,74,500.00",MassChallenge Switzerland,6,Kevin Parekh,Peak Venture Partners,Waao Partners,Sanjaya Mariwala,Flowstate Ventures
Immuneel Therapeutics,Health Care,Medical Device,Bengaluru,Karnataka,Immuneel Therapeutics is a biotechnology startup that focuses on cell therapy and personalized immunotherapy for patients.,560099,—,2018,immuneel.com,—,,51-100,2,Early Stage Venture,"Jun 21, 2022","$ 1,50,00,000.00",Series A,"$ 1,50,00,000.00",F-Prime Capital,3,,Eight Roads Ventures,True North,,
Redwing,Automotive,Computer,Bangalore,Karnataka,Redwing Labs engages in designing and manufacturing of autonomous unmanned drones and operating systems.,560008,$1M to $10M,"Jan 28, 2018",www.redwinglabs.in/,3,Anshul Sharma,01-Oct,4,Seed,"Nov 21, 2023",—,Seed,"$ 11,20,000.00",Techstars,8,Arunabha Bhattacharya,ITI Growth Opportunities Fund,Beyond Capital,LetsVenture,Harbr
Open Financial Technologies,Financial Services,FinTech,Bangalore,Karnataka,Open is a neo-banking platform for SMEs and startups that enables businesses to manage their finances effectively.,560035,$1M to $10M,May-17,open.money,4,Ajeesh Achuthan,251-500,8,Late Stage Venture,"May 2, 2022","$ 5,00,00,000.00",Series D,"$ 19,08,08,551.00",Google,19,Anish Achuthan,AngelList,IIFL Finance,Temasek Holdings,SBI Investment
Toffee Insurance,Financial Services,Health Insurance,Gurgaon,Haryana,"Toffee Insurance is a digital insurance platform that offers insurtech, health, home, and travel insurance solutions.",122018,—,"Jul 1, 2017",www.toffeeinsurance.com,2,Nishant Jain,51-100,4,Early Stage Venture,"Dec 18, 2019","$ 55,00,000.00",Series A,"$ 71,00,000.00",Omidyar Network,6,Rohan Kumar,Flourish Ventures,Kalaari Capital,Accion Venture Lab,Vivek Gujral
YantraLive,Building Material,Construction,Bengaluru,Karnataka,YantraLive is a B2B platform for Heavy Equipment Owners.,560022,—,2018,www.yantralive.com/,—,,Nov-50,1,Seed,"Jan 13, 2022","₹ 7,00,00,000.00",Seed,"₹ 7,00,00,000.00",Growth Story,2,,Vipul Parekh,,,
Small Business Fincredit,Banking,Finance,Mumbai,Maharashtra,Small Business Fincredit is a financial services institution that offers credit to small businesses and consumers.,—,—,"Sep 30, 2017",www.sbfc.com/,1,Aseem Dhru,251-500,2,Private Equity,"May 24, 2023","₹ 1,50,00,00,000.00",Private Equity,"$ 14,81,34,811.00",Clermont Group,4,,Amansa Capital,Lyra Growth Partners,Arpwood Capital,
Titan,Business Development,Customer Service,Mumbai,Maharashtra,Titan is a provider of professional email services.,—,—,2018,titan.email/,1,Bhavin Turakhia,101-250,1,Early Stage Venture,"Aug 3, 2021","$ 3,00,00,000.00",Series A,"$ 3,00,00,000.00",Automattic,1,,,,,
Setu,Financial Services,Software,Karnataka,India,Setu’s mission is to accelerate economic growth by making formal finance accessible to all.,560001,$1M to $10M,2018,setu.co/,1,,,Nov-50,2,M&A,"Apr 15, 2020","$ 1,50,00,000.00",Series A,Lightspeed Venture Partners,",,,",Alpha Wave Global,,,,
Outscal,Gaming,Information Technology,New Delhi,Delhi,Outscal is an e-learning company that offers full-stack game development and web3 programs.,—,$1M to $10M,2018,www.outscal.com,—,,Nov-50,1,Seed,"Sep 21, 2022","$ 15,00,000.00",Seed,"$ 15,00,000.00",Kalaari Capital,1,,,,,
Circle Internet,Internet,Mobile Apps,Bengaluru,Karnataka,Circle Internet offers locally relevant news and information services.,—,—,"Jan 1, 2018",circle.page/,3,Gaurav Agrawal,Nov-50,2,M&A,"Mar 1, 2019","₹ 30,22,00,000.00",Series A,"₹ 33,64,00,000.00",Elevation Capital,3,Shashank Shekhar,Venture Highway,SAIF Partners,,
Chai Waale,E-Commerce,Retail,Chennai,Tamil Nadu,Chai Waale operates a tea-focussed quick-service restaurant brand.,600079,—,2018,chaiwaale.com,1,Vidur Maheswari,Nov-50,3,Seed,"Jul 30, 2021","₹ 5,00,00,000.00",Seed,"$ 15,78,790.00",Unlistedkart,13,,Uni-M Ventures,Conscience Multi Family Office,Diana Mariam Kurian,Sunil Kumar Singhvi
Falca,Agriculture,Farmers Market,Bengaluru,Karnataka,Falca is an agricultural-based farming solutions agency that provides farming solutions to farmers.,560066,—,2018,www.falcasolutions.com,2,Kingston Smiler Selvaraj,101-250,2,Seed,"Oct 6, 2022","$ 30,00,000.00",Seed,"$ 30,00,000.00",Inflection Point Ventures,5,Santosh Danegoudar,LetsVenture,Mumbai Angels,Sprint Vc,Vaibhav Kapoor
Mall91,E-Commerce,Shopping,Delhi,Delhi,Mall91 is a social commerce platform for vernacular users.,110096,Less than $1M,2018,www.mall91.com/,4,Anshul Bansal,Nov-50,2,Early Stage Venture,"Oct 14, 2019","$ 75,00,000.00",Series A,"$ 75,00,000.00",First Cheque,4,Anshul Verma,Kalaari Capital,BEENEXT,Argor Capital,
MyHealthcare,Health Care,Information Technology,Haryana,Haryana,A healthcare ecosystem that helps connect improve access and delivery of quality healthcare services for all,122002,$1M to $10M,"Oct 1, 2017",www.myhealthcare.co/,3,Aneesh Nair,51-100,3,Early Stage Venture,"Nov 6, 2019",—,Series A,"$ 50,00,000.00",Sixth Sense Ventures,4,Divya Laroyia,Karanpal Singh,Hunch Ventures,Ajay Nanavati,
PiChain,Artificial Intelligence (AI),Blockchain,Bangalore,Karnataka,PiChain uses AI and Blockchain along with Deep Domain Expertise to ensure Sustainable Compliance Management.,—,$1M to $10M,2018,www.pichainlabs.com/,1,Shubhradeep(Shub) Nandi,01-Oct,2,Seed,"Feb 13, 2023","$ 10,00,000.00",Seed,"$ 10,00,000.00",Tenity,2,,Turbostart,,,
PickMyWork,FinTech,,Delhi,Delhi,India's largest Digital Distribution Network,—,$1M to $10M,"Jun 25, 2017",pickmywork.com/,3,Kajal Malik,Nov-50,1,Seed,"Sep 13, 2022","$ 10,00,000.00",Seed,"$ 10,00,000.00",Venture Catalysts,11,Utsav Bhattacharjee,We Founder Circle,SOSV,Orbit Startups,Mumbai Angels
Uzhavarbumi,Apps,Delivery,Chengalpattu,Tamil Nadu,Fresh Cow Milk Delivery Startup,—,$1M to $10M,Mar-17,uzhavarbumi.com,1,Vetrivel Palani,Nov-50,2,—,"May 4, 2023","₹ 7,00,00,000.00",Venture - Series Unknown,"₹ 8,70,00,000.00",Anicut Capital,2,,Native Angels Network,,,
Bluarmor,Automotive,Consumer Electronics,Bangalore,Karnataka,Two-wheeler accessories that offer car-like comfort for riders,560099,$1M to $10M,"Jan 18, 2017",thebluarmor.com,2,PK Sundararajan,Nov-50,3,Early Stage Venture,"Jan 30, 2019","₹ 10,00,00,000.00",Series A,"₹ 24,00,00,000.00",Athera Venture Partners,2,Sundararajan Krishnan,Karnataka Information Technology Venture Capital Fund,,,
ExactSpace,Artificial Intelligence (AI),Human Resources,Bangalore,Karnataka,ExactSpace is an industrial AI company.,—,$1M to $10M,2018,exactspace.co,2,Arun Jose,01-Oct,1,Seed,"Feb 28, 2022","₹ 10,00,00,000.00",Seed,"₹ 10,00,00,000.00",Thermax,1,Rahul Raghunathan,,,,
Mumbai Oncocare Center,Health Care,Hospital,Mumbai,Maharashtra,Mumbai Oncocare Center provides oncology and hematology healthcare services with qualified doctors in cancer treatment.,—,—,2018,www.mocindia.co.in,—,,1001-5000,1,Early Stage Venture,"Jan 14, 2023","₹ 82,00,00,000.00",Series A,"₹ 82,00,00,000.00",Tata Capital,1,,,,,
Oxfordcaps,Communities,E-Commerce,Gurgaon,Haryana,Oxfordcaps is Asia’s first branded and tech-enabled student housing company providing Student Housing product with full-stack service model.,134109,$50M to $100M,Jul-17,oxfordcaps.liveabuzz.com,2,Annu Talreja,101-250,3,Early Stage Venture,"Dec 18, 2019",—,Series B,"$ 80,00,000.00",500 Global,3,Priyanka Gera,Kalaari Capital,Times Internet,,
Devic Earth,Environmental Engineering,Pollution Control,Bengaluru,Karnataka,Devic Earth provides environmental services.,560067,$1M to $10M,2018,www.devic-earth.com,—,,Nov-50,1,—,"Jan 5, 2021","₹ 10,00,00,000.00",Venture - Series Unknown,"₹ 10,00,00,000.00",Blue Ashva Capital,1,,,,,
YNOS Venture Engine CC,Analytics,Venture Capital,Chennai,Tamil Nadu,YNOS Venture Engine is a data analytics startup,600113,$1M to $10M,2017,www.ynos.in/,1,Thillai Rajan,Nov-50,2,Seed,"Jan 10, 2022","₹ 2,50,00,000.00",Seed,"₹ 3,25,00,000.00",Prashanth Prakash,8,,Lakshmi Narayanan,IITM Incubation Cell,Arun Jain,Madan Padaki
Vidyakul,Education,,Gurgaon,Haryana,Vidyakul is an vernacular e-learning platform that helps state board students to learn academics via pre-recorded and live lectures,122015,$1M to $10M,2018,www.vidyakul.com,2,Raman Garg,Nov-50,5,—,"Oct 19, 2021",—,Venture - Series Unknown,"$ 10,00,000.00",We Founder Circle,11,Tarun Saini,SOSV,Orbit Startups,JITO Angel Network,Dholakia Ventures
P.T.S ( Proweb Tech Solution ),Information Technology,Software,Noida,Uttar Pradesh,"\\""\""\""\""P.T.S ( Proweb Tech Solution ) is Asia's largest Managed Marketplace for Digital Services.\""",201303,—,"Jan 4, 2018",www.prowebtechsolution.com/,social media marketing,—,—,—,https://www.crunchbase.com/search/people/field/organization.companies/num_founders/proweb-solutions-limited,Deepank Yadav,101-250,5,Late Stage Venture,https://www.crunchbase.com/search/funding_rounds/field/organization.companies/last_funding_at/proweb-solutions-limited,https://www.crunchbase.com/search/funding_rounds/field/organization.companies/last_funding_type/proweb-solutions-limited,https://www.crunchbase.com/organization/tencent,,,,",,,"
Elevar Sports,Sporting Goods,Sports,Mumbai,Maharashtra,Elevar Sports is a direct-to-consumer sports brand.,400001,$1M to $10M,2017,in.elevarsports.com/,2,Aayush Tapuriah,01-Oct,1,Early Stage Venture,"Aug 30, 2021","₹ 19,00,00,000.00",Series A,"₹ 19,00,00,000.00",Kalaari Capital,2,Kunal Kunal,Dream Capital,,,
Settlrs,B2B,Electronics,Bengaluru,Karnataka,"Settlrs is a rental services company for furniture, home appliances, electronic and IT infrastructure.",560076,—,2017,www.settlrs.com,2,Gaurav Ranebennur,01-Oct,2,Seed,"Jan 20, 2022","₹ 7,00,00,000.00",Seed,"₹ 7,00,00,000.00",Sprint Vc,5,Nishanth Janadri,Canbank Venture Capital Fund,JN Capital,MaGEHold,Vinod Jain
Zvolv,SaaS,Software,Pune,Maharashtra,"No-Code Workflow Automation. Build enterprise applications in days with AI, Cognitive Automation, Collaboration and more built in.",411005,$10M to $50M,2018,zvolv.com/,3,Hardik Gandhi,Nov-50,2,—,"Nov 22, 2021","$ 15,00,000.00",Venture - Series Unknown,"$ 15,00,000.00",JSW Ventures,5,Pushkar Prasad,Eagle10 Ventures,Lead Angels Network,Contrarian Drishti Partners,Riso Capital
BodhiAI,Apps,Artificial Intelligence (AI),Jaipur,Rajasthan,BodhiAI is an AI-based Personal Assistant empowering teachers and students.,302015,$1M to $10M,"Apr 20, 2017",www.bodhiai.co.in,5,Bodhi AI,Nov-50,3,Seed,"Oct 21, 2022","$ 2,00,000.00",Angel,"$ 2,70,374.00",JITO Angel Network,7,Piyush Agarwal,Pod,Ivy Growth Associates,Harsh Pokharna,UIncept
Istah - Shawarmas & Grills,Customer Service,E-Commerce,Hyderabad,Andhra Pradesh,Mediterranean Cuisine Food Brand for Millennials,500081,Less than $1M,Apr-17,www.istahgrill.com,2,Abhinav Reddy,01-Oct,1,Seed,"Oct 1, 2017","₹ 74,00,000.00",Seed,"₹ 74,00,000.00",,—,Vasu Reddy,,,,
GoldenPi,Financial Services,FinTech,Bangalore,Karnataka,One stop shop for Bonds and Debentures exclusively.,560102,—,2017,www.goldenpi.com,2,Abhijit Roy,Nov-50,3,Seed,"May 10, 2022","$ 20,00,000.00",Seed,"$ 20,45,811.00",Rainmatter Capital,1,Samir Baran Pratihar,,,,
Natch,Food and Beverage,Food Processing,Mumbai,Maharashtra,Natch is a snack food startup company.,400020,—,2018,natchsnacks.com,—,,01-Oct,1,Seed,"Nov 9, 2023","₹ 3,00,00,000.00",Seed,"₹ 3,00,00,000.00",Artha Venture Fund,2,,DSP Family Office,,,
Zerund,Industrial,Industrial Manufacturing,Guwahati,Assam,Zerund is a manufacturer of lightweight waste plastic brick to the construction industry.,—,$1M to $10M,2018,www.zerund.com/,3,David Gogoi,01-Oct,2,Seed,"Sep 7, 2022","₹ 7,80,00,000.00",Seed,"₹ 7,80,00,000.00",Northeast Venture Fund ( NEVF ),2,Mousum Talukdar,Dreamweaver Investments,,,
SmartDukaan,Mobile,Retail,Noida,Uttar Pradesh,SmartDukaan operates as a smartphone retail chain.,201301,—,2017,www.smartdukaan.com/,—,,51-100,1,Seed,"Jul 10, 2023","$ 1,00,00,000.00",Seed,"$ 1,00,00,000.00",Findoc,2,,Leafberry,,,
BalleBaazi,Gaming,Sports,Delhi,Delhi,BalleBaazi is an Online gaming startup.,110074,$1M to $10M,2018,www.ballebaazi.com/,1,Saurabh Chopra,Nov-50,2,Early Stage Venture,"Aug 5, 2019","$ 40,00,000.00",Series A,"$ 50,00,000.00",Baazi Games,1,,,,,
BebeBurp,E-Commerce,Nutrition,Surat,Gujarat,BebeBurp provides organic baby foods in the form of mixes and cookies.,—,$1M to $10M,2017,bebeburp.com/about-us/,3,Bharat Tibrewal,01-Oct,2,Seed,"Aug 1, 2022","$ 95,000.00",Seed,"$ 3,58,847.00",LetsVenture,23,Chirag Gupta,Sprint Vc,Dholakia Ventures,Ivy Growth Associates,Lead Angels Network
Sugar Watchers,Food Processing,Organic Food,Mumbai,Maharashtra,Sugar Watchers is the manufacturers of Low GI (Glycemic Index) foods.,400009,—,2018,sugarwatchers.in,—,,Nov-50,2,Seed,"May 4, 2023","₹ 3,60,00,000.00",Seed,"₹ 3,60,00,000.00",ah! Ventures,7,,The Chennai Angels,Mumbai Angels,Faad Network,Keiretsu Forum
BlueSemi,Health Care,Internet of Things,Hyderabad,Andhra Pradesh,BlueSemi is a revolution in connected customer-centric Health Tech. They've built EYVA & launched it at CES 2022.,—,$1M to $10M,2017,eyva.io/,1,Sunil Kumar Maddikatla,Nov-50,2,Seed,"Sep 14, 2020","$ 3,00,000.00",Seed,"$ 4,16,000.00",Google,5,,Microsoft,Samsung Ventures,KLA Tencor,Mahesh Reddy
Pepper Content,Content,Content Marketing,Mumbai,Maharashtra,Pepper Content is a content-mediation platform that connects writers to organizations that require content.,400069,—,Oct-17,www.peppercontent.io,2,Anirudh Singla,1001-5000,3,Early Stage Venture,"Jun 8, 2022","₹ 1,10,00,00,000.00",Series A,"$ 1,86,58,353.00",Titan Capital,31,Rishabh Shekhar,YourStory,Bessemer Venture Partners,GTMfund,Lightspeed India Partners
SignalX.ai,Artificial Intelligence (AI),Information Technology,Hyderabad,Andhra Pradesh,SignalX offers an artificial intelligence-powered SaaS platform.,500032,$1M to $10M,2018,signalx.ai/,3,Govind Balachandran,Nov-50,2,Seed,"Nov 24, 2020","$ 8,15,273.00",Seed,"$ 15,65,273.00",9Unicorns Accelerator Fund,2,Piyush Arora,3Lines,,,
Cashflo,Finance,Financial Services,Mumbai,Maharashtra,Cashflo is a finance startup that offers finance automation tools for corporates and SMEs.,400051,$1M to $10M,2018,www.cashflo.io,2,Ankur Bhageria,101-250,2,Early Stage Venture,"Sep 6, 2022","₹ 70,00,00,000.00",Series B,"$ 1,20,61,460.00",General Catalyst,12,Dushyant Agarwal,Elevation Capital,Whiteboard Capital,Nitin Gupta,Jitendra Gupta
Ishitva Robotic Systems,Artificial Intelligence (AI),Internet of Things,Ahmedabad,Gujarat,Ishitva Robotics Systems aims at solving the real-world problems of waste by building efficient solutions based on industry 4.0 tools.,380061,—,2018,www.ishitva.in/,2,Jitesh Dadlani,Nov-50,1,Seed,"Oct 8, 2021","$ 10,00,000.00",Seed,"$ 10,00,000.00",Inflection Point Ventures,8,Sandeep Singh,Grp,Sanjay Kamlani,Kamaljyot Investments,Anup Gulati
Nanoclean,E-Commerce,Health Care,Delhi,Delhi,Nanoclean is a nanotechnology startup.,110001,$1M to $10M,2017,nanoclean.store,1,Prateek Sharma,Nov-50,1,Seed,"Feb 13, 2019","₹ 4,20,00,000.00",Seed,"₹ 4,20,00,000.00",91springboard,5,,LetsVenture,The Chennai Angels,Al Nour,Mark V Investments
Ubreathe,CleanTech,Sustainability,Gurgaon,Haryana,Ubreathe develops a smart natural air purifier solution to solve air quality challenges in cities and buildings.,—,—,2018,www.ubreathe.in,4,Akhil Gupta,01-Oct,1,Seed,"Feb 15, 2023","₹ 1,50,00,000.00",Angel,"₹ 1,50,00,000.00",Namita Thapar,1,Akshay Goyal,,,,
Lawyered,Legal,Legal Tech,Gurgaon,Haryana,Lawyered is a legal tech initiative designed to change the way people interact with and within the legal industry.,—,$1M to $10M,2017,www.lawyered.in/,2,Ashish Bhatia,Nov-50,4,Seed,"Sep 1, 2022","$ 10,00,000.00",Seed,"$ 12,50,000.00",India Accelerator,8,Himanshu Gupta,Apoorva Vora,Munish Bhatia,Ashish Jassra,Saby Waraich
Aknamed,Analytics,Health Care,Bengaluru,Karnataka,Aknamed is streamlining the healthcare supply chain in India.,—,$10M to $50M,2018,www.aknamed.com/,3,Mayank Kapoor,51-100,1,M&A,"Apr 6, 2020","$ 70,00,000.00",Series A,"$ 70,00,000.00",,—,Saurabh Pandey,,,,
BigBites,Food and Beverage,,Bangalore,Karnataka,The Food Company of the Future,560071,—,2018,hygienebigbites.com/,—,,501-1000,2,Early Stage Venture,"Mar 17, 2021","$ 1,40,00,000.00",Series A,"$ 1,52,40,000.00",Alpha Wave Global,4,,Rahul Mehta,QED Innovation Labs,Falcon Edge India,
Campus 365,Education,Software,Gurgaon,Haryana,Campus 365 builds educational software to manage schools and colleges.,122016,$1M to $10M,"Jan 1, 2018",www.campus365.io,1,Mayank Singh,Nov-50,1,Seed,"Jan 6, 2022","₹ 2,15,00,000.00",Seed,"₹ 2,15,00,000.00",,—,,,,,
RupeeCircle,Financial Services,FinTech,Mumbai,Maharashtra,RupeeCircle is a new age finance company.,400086,$1M to $10M,2017,www.rupeecircle.com/,4,Abhishek Gandhi,Nov-50,1,Seed,"Jul 19, 2018","₹ 4,00,00,000.00",Seed,"₹ 4,00,00,000.00",Mahindra finance,1,Ajit Kumar,,,,
Voxelgrids,Health Care,Health Diagnostics,Bengaluru,Karnataka,Voxelgrids is an Indian healthtech startup that builds Magnetic Resonance Imaging (MRI) scanners.,560102,—,2017,www.voxelgrids.com/,1,Arjun Arunachalam,Nov-50,1,Early Stage Venture,"Sep 7, 2021","₹ 35,00,00,000.00",Series A,"₹ 35,00,00,000.00",Zoho,1,,,,,
Auric (Zenith Drinks Private Limited),Consumer,E-Commerce,Delhi,Delhi,Beauty & Wellness brand | Functional Foods | Plant based science from India | D2C | Entry point is Beverages,110025,$1M to $10M,"Jan 8, 2018",www.TheAuric.com,1,Deepak Agarwal,01-Oct,2,Seed,"Jun 28, 2021","$ 20,00,000.00",Seed,"$ 21,00,000.00",9Unicorns Accelerator Fund,4,,Venture Catalysts,Air Asia,Karthik Bhat,
AMPM Store,E-Commerce,Food and Beverage,Karnal,Haryana,AMPM Store is an online food and grocery store.,—,—,"Jan 1, 2018",ampmstore.in/,1,Naveen Ghalyan,01-Oct,1,Seed,"Mar 2, 2021","₹ 1,60,00,000.00",Pre-Seed,"₹ 1,60,00,000.00",Agility Ventures,2,,Vineet Gupta,,,
IOTECHWORLD,Agriculture,Delivery,Gurgaon,Haryana,Manufacturer of wide range of drones. Starting from Photography to Surveillance to Survey to Agriculture to Heavy Logistic.,122001,—,"Apr 17, 2017",www.iotechworld.com/,2,Anup Kumar Upadhyay,251-500,1,Seed,"Sep 3, 2021","$ 40,00,000.00",Seed,"$ 40,00,000.00",,—,Deepak Bhardwaj,,,,
WorkOnGrid,Analytics,Artificial Intelligence (AI),Bangalore,Karnataka,WorkOnGrid is an information technology and services company. It is to help businesses adopt technology through products and more.,560102,—,2017,www.workongrid.com/,4,Aayush Agrawal,Nov-50,2,Seed,"May 31, 2022","$ 7,00,000.00",Seed,"$ 8,50,000.00",Indian Angel Network,6,Shaurya Poddar,KRS Jamwal,Startup-O,Jaideep Mehta,Shalil Gupta
BBETTER,Dietary Supplements,Health Care,Hyderabad,Andhra Pradesh,Developer of healthcare supplements designed to help with modern lifestyle problems.,500038,—,2017,bbetter.co,3,Rajesh Jampana,51-100,2,Seed,"Dec 1, 2021","₹ 10,50,00,000.00",Seed,"₹ 12,95,00,000.00",8i Ventures,2,Srikanth Ch,Sujayath Ali,,,
Verzeo,E-Learning,,Bangalore,Karnataka,Verzeo is anAI-focussed edtech startup.,560102,$1M to $10M,2017,verzeo.com,1,Vungarala Subrahmanyam,501-1000,2,Early Stage Venture,"Sep 10, 2018","$ 50,00,000.00",Series A,"$ 50,00,000.00",,—,,,,,
The Mumum Co.,Food and Beverage,Manufacturing,Mumbai,Maharashtra,The Mumum Co. is a healthful snack manufacturer brand for kids.,400086,$1M to $10M,Sep-17,www.mumumco.com/,2,Farah Nathani Menzies,Nov-50,1,Seed,"Jul 13, 2018","₹ 3,40,00,000.00",Angel,"₹ 3,40,00,000.00",Siddharth Parekh,3,Shreya Lamba,Sumeet Nindrajog,Nisaba Godrej,,
Crysta IVF,Fertility,Health Care,Delhi,India,Crysta is a pregnancy and fertility platform.,—,$1M to $10M,"Sep 1, 2017",crystaivf.com/,2,Dheeraj Jain,",",101-250,2,Seed,"Mar 23, 2021",—,Seed,Alfa Ventures,",,,,",Realtime ventures LLP,,,,
PaisaDukan,Financial Exchanges,Financial Services,Mumbai,Maharashtra,A P2P lending marketplace platform,—,$1M to $10M,2018,www.paisadukan.com/,3,Ambar Kasliwal,Nov-50,4,Seed,"Jul 26, 2019",—,Seed,"$ 11,01,009.00",JITO Incubation and Innovation Foundation (JIIF),3,Neeta Ranjan,Manoj Mehta,Sunil Singhvi,,
WorkEx,Human Resources,Recruiting,Bengaluru,Karnataka,WorkEx is a human digital resources platform.,560078,$1M to $10M,2017,www.workex.jobs/,3,Anupam Acharya,51-100,1,Early Stage Venture,"Jul 26, 2019","$ 40,00,000.00",Series A,"$ 40,00,000.00",Pravega Ventures,1,Nimish Sharma,,,,
Edgistify,Information Technology,Logistics,Thane,Maharashtra,"Edgistify is a warehousing network, enabling hyperlocal order fulfillment and ecommerce order fulfillment.",400604,—,"May 15, 2017",www.edgistify.com/,3,Antim Suman,Nov-50,3,Seed,"Dec 4, 2022","$ 9,00,000.00",Seed,"$ 16,00,000.00",,—,Kamal Kishore Kumawat,,,,
TABP Snacks and Beverages,Food and Beverage,,Coimbatore,Tamil Nadu,"TABP Snacks and Beverages, manufactures snacks, healthy breakfast cereals, millets, and juices.",641035,—,2018,tabp.co.in/,—,,Nov-50,1,Seed,"Feb 9, 2023","₹ 20,00,00,000.00",Seed,"₹ 20,00,00,000.00",LC Nueva Investment Partners,4,,Arun Mukherjee,Aniruddha Sarkar,Koushik Chatterjee,
Benovymed Healthcare,Artificial Intelligence (AI),Blockchain,Delhi,Delhi,"Benovymed Healthcare is World's Top 20 & India's No:1 Most Impactful DeepTech Startup in Digital Health, AI Health & Telemedicine Innovation",—,$1M to $10M,Nov-17,www.benovymed.com,,,,,,,,,,,,,,,,
"India & other Global Locations.\"",—,—,3,Seed,https://www.crunchbase.com/search/funding_rounds/field/organization.companies/last_funding_total/benovymed-healthcare,Mahendra Singh,https://www.crunchbase.com/person/mahendra-singh-2ab4,1,https://www.crunchbase.com/search/principal.investors/field/organization.companies/num_lead_investors/benovymed-healthcare,,,,,,,,,,,,,,,,
Ashnni Motors,Automotive,Electric Vehicle,Pune,Maharashtra,Ashnni Motors engineers and manufactures intelligent electric vehicles.,—,Less than $1M,Jan 1","2017""",www.ashnni.com/,2,Subodh Karunasagar,01-Oct,2,Seed,"May 13, 2023","₹ 2,00,00,000.00",Pre-Seed,"₹ 2,00,00,000.00",Department of Science and Technology,6,Vishal Mali,WealthTrust Capital Services,Dawson Menezes,Alisha Poonawalla Menezes,Pushpak Ranka,,,,,,,
Avenue Growth,Advertising,Business Development,Gurgaon,Haryana,Avenue Growth  an online platform that brands with freelance sales professionals .,—,$1M to $10M,2017,www.avenuegrowth.com/,2,Dilkash Malhotra,Nov-50,3,Seed,"Feb 9, 2023",—,Seed,"₹ 3,00,00,000.00",ITI Growth Opportunities Fund,8,Rachit Mathur,OneValley,India Accelerator,Brand Capital,Aditya Malik
Meras Plugins,Charging Infrastructure,Industrial Manufacturing,Chennai,Tamil Nadu,Meras Plugins is a manufacturer of charging stations for electric vehicles.,600113,$1M to $10M,2018,www.merasplugins.com/,—,,01-Oct,1,Seed,"Dec 20, 2022","₹ 3,63,00,000.00",Seed,"₹ 3,63,00,000.00",Bluehill Capital,6,,Meera Reddy,Kartik Meyyappan,Shailaja Reddy,Sivadas Raghava
Fashor,Apparel,E-Commerce,Mumbai,Maharashtra,Fashor is an apparel and fashion company that specializes in providing embroiled clothes for ladies in India.,—,Less than $1M,2017,fashor.com/,3,Priyanka Kankaria,101-250,2,Seed,"Jan 2, 2020","$ 10,00,000.00",Seed,"$ 17,50,000.00",Inflection Point Ventures,5,Sonsy Singhi,Venture Catalysts,Sprout Venture Partners,Mitesh Shah,Vinay Bansal
Entrackr,Communities,CRM,Gurgaon,Haryana,"Entrackr is a new age media platform for entrepreneurs, startups and technology enthusiasts.",—,—,"Jan 1, 2017",www.entrackr.com,2,Jai Vardhan,Nov-50,1,Seed,"Feb 8, 2021","$ 5,00,000.00",Seed,"$ 5,00,000.00",Vijay Shekhar Sharma,11,Jitendra Singh,Ashutosh Valani,Ankush Nijhawan,Priyank Shah,Bipin Shah
Kraftshala,EdTech,Education,New Delhi,Delhi,Kraftshala is a online skilling platform for non-coding domains.,—,—,"Jan 1, 2017",kraftshala.com,2,Eshu Sharma,51-100,2,Seed,"Dec 20, 2021","$ 2,00,000.00",Pre-Seed,"$ 3,00,000.00",Phanindra Sama,6,Varun Satia,Sujayath Ali,Amit Kumar Agarwal,Nandu Nandkishore,Sarfaraz Khimani
Burgerama,Food and Beverage,Snack Food,Gurgaon,Haryana,"Burgerama provides fast-casual, made for delivery burger experience.",122009,$1M to $10M,2018,www.burgerama.in/,3,Kabir Bose,01-Oct,2,Seed,"Jan 31, 2022","₹ 5,00,00,000.00",Seed,"₹ 5,00,00,000.00",Ashvin Chadha,7,Viraaj Badhwar,Bikky Khosla,Anicut Angel Fund,Atul Singh,Madison Capital
Aham Housing Finance,Consumer Lending,Credit,Chennai,Tamil Nadu,Aham Housing Finance is a financial services firm that offers home loans.,600002,$1M to $10M,2017,www.ahamhfc.com,1,Venkatesh Kannappan,51-100,1,—,"Nov 2, 2023","₹ 30,00,00,000.00",Venture - Series Unknown,"₹ 30,00,00,000.00",Negen Capital Services,1,,,,,
PeAr Technologies,Apps,Artificial Intelligence (AI),Ghatkopar,Maharashtra,PeAr Technologies is a deep-tech and artificial intelligence-focussed startup,—,$1M to $10M,2018,www.peartech.in/,4,Dharmin Vora,Nov-50,3,Seed,"Mar 16, 2023","₹ 4,20,00,000.00",Seed,"$ 9,21,901.00",Venture Catalysts,4,Dhruvesh Mehta,1Crowd,Sprint Vc,IPV Capital,
Haus and Kinder,Baby,,Mumbai,Maharashtra,Haus & Kinder is an online retailer of trendy baby and kids essentials at fair price easily accessible.,400060,$1M to $10M,2018,hausandkinder.com,2,Kanupriya Anand,Nov-50,1,Early Stage Venture,"Dec 15, 2021","₹ 10,00,00,000.00",Series A,"₹ 10,00,00,000.00",Shaival Desai,1,Saket Dhankar,,,,
Dawaa Dost,Alternative Medicine,Medical,Jaipur,Rajasthan,Dawaa Dost specializes in the pharmacy retail chain of generic medicines in India.,—,—,2018,dawaadost.com,2,Amit Choudhary,01-Oct,3,—,"Jan 24, 2023","$ 40,00,000.00",Venture - Series Unknown,"$ 40,00,000.00",Grameen Impact India (GIII),17,Yash Harlalka,Kunal Shah,Ashish Goel,Amrish Rau,Singapore Angel Network
Ecoil,Clean Energy,Logistics,Jaipur,Rajasthan,Ecoil is a cutting-edge environmentally conscious startup that produces gasoline.,302021,—,2018,www.ecoil.in,—,,Nov-50,1,—,"Dec 27, 2023","₹ 3,00,00,000.00",Venture - Series Unknown,"₹ 3,00,00,000.00",The Chennai Angels,3,,Shell E4,Banasthali Vidyapith,,
Enerjazz,Battery,Charging Infrastructure,Noida,Uttar Pradesh,Enerjazz provides a battery swapping network for commercial electric vehicles.,—,—,2018,www.enerjazz.tech,1,Ravi Bharihoke,01-Oct,1,Seed,"Aug 31, 2021","$ 1,25,000.00",Pre-Seed,"$ 1,25,000.00",Y Combinator,1,,,,,
BRB,Food and Beverage,Food Processing,New Delhi,Delhi,BRB is a food manufacturing company that is good for snacks.,—,Less than $1M,2018,brbchips.com/,4,Abhishek Agarwal,01-Oct,2,Seed,"Jul 1, 2020","$ 10,00,000.00",Seed,"$ 10,00,000.00",First Cheque,5,Anuj Krishan,Globevestor,Secocha Ventures,Kashyap Deorah,Vijay Sivaram
Nuo,Cryptocurrency,Financial Services,Mumbai,Maharashtra,"Nuo is a financial control center to store, spend, and grow your crypto.",—,Less than $1M,2018,www.nuo.network/,3,Ratnesh Ray,Nov-50,2,Seed,"Apr 4, 2020","$ 30,00,000.00",Seed,"$ 32,50,000.00",Polychain,16,Siddharth Verma,ConsenSys,Dragonfly,Surge,Balaji Srinivasan
nCore Games,Gaming,Online Games,Bengaluru,Karnataka,nCore Games is a mobile games and interactive entertainment company.,560098,—,"Jan 1, 2018",www.ncoregames.com/,1,Ganesh Hande,Nov-50,1,Early Stage Venture,"Jan 17, 2022","$ 1,00,00,000.00",Series A,"$ 1,00,00,000.00",Animoca Brands,18,,Galaxy Interactive,Kristian Segerstrale,Akshay Chaturvedi,Sohil Chand
Clairco,Electronics,Information Technology,Bangalore,Karnataka,Clairco provides enhanced air purification and real-time insights for breathable air indoors.,560102,Less than $1M,"Jan 1, 2018",clairco.in,1,Aayush Jha,Nov-50,4,Seed,"Feb 9, 2022","$ 10,00,000.00",Seed,"$ 15,72,613.00",AngelList,5,,HEM ANGELS,Brigade Real Estate Accelerator Program (REAP),Max Group,Sanjiv Bajaj
Jai Kisan,Agriculture,AgTech,Mumbai,Maharashtra,Jai Kisan is a fintech platform that provides sustainable financing for rural emerging markets.,410210,$10M to $50M,2017,jai-kisan.com/,2,Adriel Maniego,251-500,11,—,"Jan 1, 2023","$ 30,20,000.00",Venture - Series Unknown,"$ 9,87,62,400.00",Mirae Asset,29,Arjun Ahluwalia,BlackSoil,British International Investment,Blume Ventures,Northern Arc
Pocket52,Gaming,Internet,Bengaluru,Karnataka,Pocket52  is an online poker platform.,560102,$10M to $50M,2017,www.pocket52.com/,4,Debashish Bhattacharjee,Nov-50,2,Early Stage Venture,"Jun 2, 2020","$ 17,50,000.00",Series A,"$ 17,50,000.00",Speciale Invest,2,Nitesh Salvi,GamesKraft,,,
Solara Active Pharma,Biotechnology,Manufacturing,Chennai,Tamil Nadu,"Solara Active Pharma Sciences is a young, dynamic, entrepreneurial and customer oriented API manufacturer.",600 032,$50M to $100M,"Feb 23, 2017",www.solara.co.in/,1,Jitesh Devendra,251-500,1,Private Equity,"Feb 4, 2019","$ 3,00,00,000.00",Private Equity,"$ 3,00,00,000.00",TPG Growth,1,,,,,
Biocliq Technologies,Health Care,Software,Bengaluru,Karnataka,"Biocliq Technologies is a Digital health platform  that enables Clinicians, patients, pharmacists and OEMs to Collaborate",560043,$1M to $10M,"Feb 18, 2018",www.biocliq.com/,2,N. Ravichandran,Nov-50,2,Seed,"Apr 1, 2023","$ 6,50,000.00",Pre-Seed,"$ 6,50,000.00",10000 Start-Ups,1,Rengarajan Bashyam,,,,
Nojoto,Communities,Social Media,Gurgaon,Haryana,Nojoto is a Video Storytelling Platform connecting Storytellers & Listeners in 12 Languages,—,$1M to $10M,"Apr 6, 2017",nojoto.com,4,Amit Kumar,Nov-50,1,Seed,"Dec 1, 2018","$ 5,70,000.00",Seed,"$ 5,70,000.00",,—,Kamal Singh Chauhan,,,,
Happy Nature,Fast-Moving Consumer Goods,Food and Beverage,Gurgaon,Haryana,"We are A Premium D2C Fresh Food Brand with a strong focus on purity, freshness & convenience.",122001,$1M to $10M,2017,www.happynature.in/,—,,101-250,1,Seed,"Nov 16, 2023","$ 3,00,000.00",Seed,"$ 3,00,000.00",Inflection Point Ventures,1,,,,,
Aerostrovilos Energy,Energy,Environmental Engineering,Madras,Tamil Nadu,Aerostrovilos Energy is building an MGT-based powertrain solution for heavy-duty trucks and power generation at reduced costs.,—,Less than $1M,2017,www.aerostrovilos.com/,—,,01-Oct,1,Seed,"Jan 18, 2022","₹ 3,50,00,000.00",Seed,"₹ 3,50,00,000.00",Tube Investments of India,1,,,,,
SportsApp,Internet,Social Network,Noida,Uttar Pradesh,India's Largest Sports Community For Everything Sports!,201301,Less than $1M,"Mar 23, 2018",www.sportsapp.co.in,1,Shashank Mishra,Nov-50,4,Seed,"Dec 20, 2021","$ 2,00,000.00",Seed,"$ 3,74,000.00",,—,,,,,
Mudrex,Asset Management,Blockchain,Bengaluru,Karnataka,Mudrex is a cryptocurrency investment platform trusted by over 1 million investors!,5601025,—,"Jan 2, 2018",mudrex.com,5,Alankar Saxena,51-100,5,—,"Aug 1, 2022","$ 1,23,19,245.00",Venture - Series Unknown,"$ 2,20,69,245.00",Y Combinator,11,Edul Patel,Nexus Venture Partners,Woodstock Fund,Tribe Capital,Arkam Ventures
Rheo TV,Gaming,TV,Bengaluru,Karnataka,Rheo TV is a game-streaming platform.,560102,Less than $1M,2018,www.rheotv.com/,1,Saksham Keshri,Nov-50,2,M&A,"Jan 8, 2020","$ 20,00,000.00",Seed,"$ 20,00,000.00",Lightspeed Venture Partners,11,,Blume Ventures,Omidyar Network,Surge,Peak XV Partners
Scentials,Advertising,Beauty,Mumbai,Maharashtra,Scentials is building a unique beauty brands studio platform.,—,$1M to $10M,2018,www.scentialsworld.com,1,Mahesh Bhupathi,Nov-50,3,Early Stage Venture,"Feb 9, 2021","$ 60,00,000.00",Series B,"$ 1,00,04,561.00",Unilever Ventures,4,,TIW Private Equity,Goutham Ekollu,Ambiga Subramanian,
F5 Refreshement,Food and Beverage,,New Delhi,Delhi,F5 Refreshement is a foods and beverages company.,110005,$50M to $100M,2018,www.f5refreshment.com/,2,Lalit Aggarwal,51-100,4,Seed,"Oct 11, 2021","$ 6,66,000.00",Seed,"$ 16,37,291.00",AngelList,8,Raghav Arora,Venture Catalysts,LetsVenture,Huddle,Auxano
A Toddler Thing,Apparel,Baby,Coimbatore,Tamil Nadu,A Toddler Thing provides sustainable baby essentials and apparels.,641012,—,2017,www.atoddlerthing.com/,—,,Nov-50,1,Seed,"Jan 5, 2023","₹ 2,20,00,000.00",Seed,"₹ 2,20,00,000.00",The Chennai Angels,3,,Mumbai Angels,Lead Angels Network,,
Skilancer Solar,Artificial Intelligence (AI),CleanTech,Noida,Uttar Pradesh,"Skilancer is a centrally controlled, self-powered, robot for automatic cleaning of solar panels with elements of Artificial Intelligence.",201307,$1M to $10M,"Jul 13, 2017",www.skilancersolar.com/,2,Manish Das,Nov-50,7,Seed,"Nov 20, 2021",—,Seed,"$ 6,52,423.00",Venture Catalysts,6,Neeraj Kumar,Boundary Holding,Dhianu Das,Alfa Ventures,IIML- Enterprise Incubation Centre
Wastelink,Animal Feed,Cloud Computing,New Delhi,Delhi,Transforming food waste into nutritious feed for animals,110030,Less than $1M,Jan-18,www.wastelink.co,2,Krishnan Kasturirangan,51-100,2,Seed,"May 22, 2022","$ 10,00,000.00",Seed,"$ 12,50,000.00",Indigram Labs,2,Saket Dave,Sanjiv Rangrass,,,
Hospals,Health Care,Medical,New Delhi,Delhi,Hospals is a medical tourism company.,110025,$1M to $10M,"Mar 12, 2018",hospals.com/,1,Danish Ahmed,Nov-50,3,Seed,"Jan 24, 2022","$ 35,00,000.00",Seed,"$ 50,00,000.00",Inflection Point Ventures,8,,9Unicorns Accelerator Fund,Venture Catalysts,Wavemaker Partners,InnoVen Capital
Finception,Financial Services,FinTech,Bangalore,Karnataka,Finception is currently working on building a product around managing and helping people plan their finances better.,—,$1M to $10M,2018,finception.in/,3,Bhanu Harish Gurram,01-Oct,1,Seed,"Sep 25, 2019","₹ 4,00,00,000.00",Seed,"₹ 4,00,00,000.00",Rainmatter Capital,1,Pawan Kumar Rai,,,,
Loco,Apps,Blockchain,Mumbai,Maharashtra,India's leading game streaming platform,—,$1M to $10M,"Nov 1, 2017",www.loco.gg/,6,Abhishek Madhavan,51-100,2,M&A,"Mar 9, 2022","₹ 3,30,00,00,000.00",Series A,"$ 5,23,43,970.00",Hashed,12,Anirudh Pandita,Krafton,3one4 Capital,Axilor Ventures,Kube VC
Agrograde,Agriculture,AgTech,Mumbai,Maharashtra,Agrograde automates the grading and sorting process of fruits and vegetables by using computer vision.,400703,—,"Feb 10, 2018",www.agrograde.com,2,Kshitij Thakur,01-Oct,4,Seed,"Jul 4, 2022",—,Seed,"₹ 2,35,00,000.00",IIMA Ventures,4,Rakeshkumar Barai,Social Alpha,Villgro,Villgro USA,
Table Space,Commercial Real Estate,Coworking,Bengaluru,Karnataka,Table Space provides customized coworking spaces.,560029,$1M to $10M,Sep-17,tablespace.com,1,Amit Banerji,101-250,1,Private Equity,"Nov 28, 2022","$ 30,00,00,000.00",Private Equity,"$ 30,00,00,000.00",Hillhouse Investment,1,,,,,
Progcap,Enterprise,Finance,New Delhi,Delhi,Progcap is a financial service company that provides financial opportunities for micro and small businesses.,110049,Less than $1M,2017,www.progcap.com,2,Himanshu Chandra,251-500,7,Late Stage Venture,"Oct 17, 2022","₹ 4,00,00,00,000.00",Series C,"$ 15,06,24,557.00",Google,15,Pallavi Shrivastava,9Unicorns Accelerator Fund,Venture Catalysts,Tiger Global Management,Stride Ventures
Altor,Automotive,,Kolkata,West Bengal,"Altor builds smart, connected helmet solutions.",700019,—,2018,altor.tech/,4,Anirban Datta Gupta,Nov-50,4,Seed,"Aug 19, 2021",—,Pre-Seed,"$ 1,58,000.00",Venture Catalysts,2,Muhammad Bilal Shakil,"IIIT Hyderabad, India",,,
Kenyt Technologies Pvt Ltd,Advertising,Analytics,Hyderabad,Andhra Pradesh,"Kenyt.AI builds Enterprise AI Assistants to automate customer/employee engagement, assist employees and accelerate their business.",500032,$10M to $50M,"Jun 10, 2017",www.kenyt.ai,2,Kanwaljeet Singla,51-100,2,Seed,"May 14, 2020","$ 1,50,000.00",Seed,"$ 4,00,000.00",SucSEED Venture Partners,2,Peeyush Kulshrestha,Rajasthan Angel Innovators' Network,,,
AnKa SumMor Foods,Food and Beverage,Food Processing,Bangalore,Karnataka,Anka SumMor Foods is a technology-enabled income and distribution organization that presents plug-and-play service to emerging brands.,—,—,2017,www.summor.in,2,Ashok George,—,4,Seed,"Oct 13, 2021","₹ 8,60,00,000.00",Seed,"$ 19,44,341.00",Inflection Point Ventures,5,Rajiv Joshi,IndiaMART,Fireside Ventures,Brijesh Agrawal,Pratul Shroff
Chemarc,B2B,,Mumbai,Maharashtra,Chemarc is a B2B digital platform that sells and buys chemicals for vendors.,—,$1M to $10M,2017,www.chemarc.com/,optimizing processes,—,—,—,https://www.crunchbase.com/search/people/field/organization.companies/num_founders/chemarc,Punit Krishna,Nov-50,1,Seed,https://www.crunchbase.com/search/funding_rounds/field/organization.companies/last_funding_at/chemarc,https://www.crunchbase.com/search/funding_rounds/field/organization.companies/last_funding_type/chemarc,https://www.crunchbase.com/person/prashant-purker-8e9e,https://www.crunchbase.com/search/organizations/field/organization.companies/revenue_range/r_00001000,,,","
NymbleUp,Artificial Intelligence (AI),,Mumbai,Maharashtra,NymbleUp is an AI-powered suite of tools that help retailers drive profitability by generating demand and optimizing workforce.,—,$1M to $10M,2018,www.nymbleup.com/,—,,Nov-50,1,Seed,"Jan 4, 2023","₹ 3,00,00,000.00",Seed,"₹ 3,00,00,000.00",IvyCap Ventures,1,,,,,
Eggoz,AgTech,Food and Beverage,Gurgaon,Haryana,"Eggoz is a brand of fresh, chemical-free eggs sourced from fully integrated farmers.",122018,$1M to $10M,2017,www.eggoz.in,4,Abhishek Negi,51-100,8,Early Stage Venture,"Dec 21, 2022","$ 88,00,000.00",Series B,"$ 1,80,86,568.00",AngelList,29,Aditya Singh,LetsVenture,IvyCap Ventures,Avaana Capital,Nabventures
Comofi Medtech,Health Care,Robotics,Karnataka,India,Comofi Medtech is a healthcare robotics startup.,560064,Less than $1M,2018,www.comofimedtech.com/,5,Raghunath S Krishnappa,",,,,",Nov-50,1,Seed,"Feb 25, 2021","₹ 2,15,00,000.00",Pre-Seed,IIMA Ventures,",,",JITO Angel Network,,,,
Recotap,Artificial Intelligence (AI),Machine Learning,Bengaluru,Karnataka,Recotap is an account-based marketing company.,560 102,Less than $1M,"Jan 1, 2018",www.recotap.com,3,Arun Gopalaswami,Nov-50,2,Seed,"Sep 13, 2018",—,Seed,"$ 1,50,000.00",Techstars,3,Bargava Subramanian,Axilor Ventures,Sathish V J,,
Kyte Energy,Electric Vehicle,,Nasik,Maharashtra,Kyte Energy potential of electric vehicles to completely change the landscape of transportation & mobility.,—,$1M to $10M,2017,www.kyteenergy.com,—,,101-250,1,Early Stage Venture,"Jun 12, 2023","₹ 3,00,00,000.00",Series A,"₹ 3,00,00,000.00",ah! Ventures,2,,Soonicorn Ventures,,,
Onest,Consumer Goods,Cosmetics,Mumbai,Maharashtra,"Onest provides personal care, home care, and over-the-counter (OTC) goods.",400062,—,"Jan 16, 2018",www.onestltd.com/,—,,51-100,1,Early Stage Venture,"Feb 16, 2022","₹ 10,00,00,000.00",Series A,"₹ 10,00,00,000.00",,—,,,,,
Etrio,Automotive,Electric Vehicle,Hyderabad,Andhra Pradesh,Etrio operates as an electric vehicle startup.,500018,$1M to $10M,2017,www.etrio.in/,1,DEEPAK MV,Nov-50,1,Early Stage Venture,"Sep 29, 2020","$ 30,00,000.00",Series A,"$ 30,00,000.00",Janardhan Rao,1,,,,,
Fibroheal,Health Care,Pharmaceutical,Bangalore,Karnataka,Fibroheal is a healthcare company focused on advance & active wound care management.,—,—,"Jan 1, 2017",www.fibroheal.com,3,Bharat Tandon,01-Oct,3,—,"Nov 29, 2022","₹ 2,25,00,000.00",Venture - Series Unknown,"₹ 9,25,00,000.00",Centre for Cellular and Molecular Platforms,5,Subramanian Shivaraman,Telama Investments,Karnataka Information Technology Venture Capital Fund,Biotechnology Industry Research Assistance Council(BIRAC),Bharat Tandon
BazaarNXT,E-Commerce,Packaging Services,Bengaluru,Karnataka,BazaarNXT is an e-commerce company that optimizes the packaging procurement for Businesses using technology.,560102,—,"Jan 14, 2017",www.bazaarnxt.com,4,Deviprasad Uppala,Nov-50,3,Seed,"Nov 1, 2022",—,Seed,"$ 4,50,000.00",Sketchnote Partners,5,Dhananjaya Shivanna,Kiren Tanna,Suresh Mahadevan,Shubhrendu Koche,Saad Ahmed
Fly X Aerospace Pvt. ltd.,Aerospace,Agriculture,Lucknow,Uttar Pradesh,"Fly-x Aerospace work on the design, development and customization of Unmanned Aerial Vehicles (UAVs).",226028,—,2017,www.flyxaerospace.com/,1,Er. Shubham Yadav,01-Oct,1,Seed,"Feb 6, 2023","₹ 17,00,000.00",Seed,"₹ 17,00,000.00",,—,,,,,
Procol,Computer,Enterprise Software,Gurgaon,Haryana,Procol is a procurement platform for large enterprises to help monitor and reduce spend.,—,$1M to $10M,2018,www.procol.io,2,Gaurav Baheti,Nov-50,5,Early Stage Venture,"Sep 13, 2022","₹ 51,00,00,000.00",Series A,"$ 1,70,22,350.00",Rainmatter Capital,20,Sumit Mendiratta,Y Combinator,Blume Ventures,Surge,BEENEXT
Barton Breeze,Agriculture,Farming,Gurgaon,Haryana,Barton Breeze provides an automated hydroponic farm management system.,—,Less than $1M,2018,www.bartonbreeze.com,—,,Nov-50,1,Seed,"Feb 28, 2023","₹ 6,60,00,000.00",Seed,"₹ 6,60,00,000.00",Umang Agrawal,5,,Rajeev Bairathi,Shishir Poddar,Manish Agarwal,Niraj Kumar
Primaa,Health Care,Software,Mumbai,Maharashtra,Primaa is a health tech startup that develops software tools to assist pathologists with cancer and other diagnoses,400101,$1M to $10M,2018,www.primaalab.com/,1,Fanny SOCKEEL,Nov-50,2,Seed,"Oct 11, 2019","€ 20,00,000.00",Seed,"€ 20,00,000.00",50 Partners,7,,AGORANOV,Damien Guermonprez,Pleiade Venture,Angels Santé
Renkube,Renewable Energy,Solar,Bengaluru,Karnataka,"Renkube is a business with a focus on renewable energy, and its innovators are in the field of solar panel Motion Free Optical Tracking.",560072,Less than $1M,2017,www.renkube.com,—,,01-Oct,1,Seed,"Aug 17, 2022","₹ 2,40,00,000.00",Seed,"₹ 2,40,00,000.00",IIMA Ventures,4,,JITO Angel Network,Halliburton Labs,K4 Forum Mumbai Network,
Haeal,Consumer Goods,Manufacturing,Cochin,Kerala,"Haeal manufactures sanitizers and it also offers a wide variety of soaps, shampoos, hand washes, and beauty aids.",682016,—,2018,haeal.com/,—,,101-250,1,Seed,"Nov 7, 2022","₹ 11,00,00,000.00",Angel,"₹ 11,00,00,000.00",Alex K Babu,2,,Raveendranath Kamath,,,
MoooFarm,Apps,Information and Communications Technology (ICT),Gurgaon,Haryana,MoooFarm is an information technology company that bridges the technology gap to help marginalized dairy farmers.,—,$1M to $10M,2018,mooo.farm,2,Aashna Singh,Nov-50,5,Early Stage Venture,"Nov 30, 2022","₹ 94,00,00,000.00",Series A,"$ 1,65,96,357.00",Accel,6,Param Singh,Rockstart,Alteria Capital,Navus Ventures,Aavishkaar Capital
Woolly,Farming,,Bengaluru,Karnataka,Woolly is a farming platform that combines urban potential with farming techniques to produce pesticide-less nutrition-rich fresh food.,—,—,"Jan 1, 2017",woolly.io/,4,Bushair A P,01-Oct,1,Seed,"Jun 7, 2022","₹ 4,39,00,000.00",Seed,"₹ 4,39,00,000.00",Mumbai Angels,4,Nithun KV,Callapina Capital,Malabar Angels,Mentorous Ventures,
Kamatan Farm Tech,Agriculture,AgTech,New Delhi,Delhi,Building inclusive and sustainable agri value chains in India,110048,$1M to $10M,"Jan 1, 2018",www.Kamatan.in,4,Amol Patil,Nov-50,4,M&A,"May 23, 2020","$ 23,30,000.00",Series B,"$ 94,44,439.00",Samunnati,3,Pravesh Sharma,Elevar Equity,Global Innovation Fund,,
Upside AI,Artificial Intelligence (AI),Financial Services,Mumbai,Maharashtra,Upside AI uses machine learning to make better investing decisions than humans over the long term.,400053,$1M to $10M,2017,upsideai.com/,3,Atanuu Agarrwal,01-Oct,1,Seed,"Jun 21, 2021","$ 12,00,000.00",Seed,"$ 12,00,000.00",Endiya Partners,4,Kanika Agarrwal,Vijay Kedia,Gopichand Katragadda,Ajay Nanavati,
Multibhashi,Developer Platform,E-Learning,Bengaluru,Karnataka,Multibashi is a free language learning platform that focuses on learning outcomes of a user.,560041,$1M to $10M,2017,multibhashi.com/,3,Aadesh Jain,Nov-50,5,Seed,"Apr 15, 2021",—,Seed,"₹ 1,00,00,000.00",Inflection Point Ventures,7,Anuradha Agarwal,RareJob,Cactus Communications,Malpani Ventures,Aniruddha Malpani
Sindhuja Microcredit,Finance,Financial Services,Ghaziabad,Uttar Pradesh,Sindhuja Microcredit is a Microfinance company.,201014,Less than $1M,2018,www.sindhujamicrocredit.com,2,Abhisheka Kumar,101-250,2,Early Stage Venture,"May 11, 2020","$ 87,00,000.00",Series B,"$ 1,27,00,000.00",Carpediem Capital,2,Malkit Singh Didyala,Nordic Microfinance Initiative,,,
GodamWale,Logistics,SaaS,Mumbai,Maharashtra,"Godamwale is SaaS based on demand warehousing and fulfilment provider. Flexible, Smart and Scalable warehousing.",400071,$1M to $10M,"Oct 12, 2017",www.godamwale.com,4,Anand Aryamane,Nov-50,1,Seed,"Sep 15, 2021","$ 10,00,000.00",Seed,"$ 10,00,000.00",Anand Aryamane,1,Basant Kumar,,,,
Param.ai,Artificial Intelligence (AI),Delivery,Hyderabad,Andhra Pradesh,Intelligent Recruiting Software Designed for Efficient Hiring,—,Less than $1M,Sep-17,param.ai,2,Ashish Kumar Sahoo,Nov-50,2,Seed,"Mar 1, 2019","$ 1,38,000.00",Seed,"$ 6,38,000.00",Rajesh Sawhney,9,Hari Krishna Morthala,Ashish Vidyarthi,Core Financials,Peter Kabel,Sanjay Jesrani
Imbue Natural,,,Gurgaon,Haryana,Imbue Natural is a wellness brand that offers health and intimate wellness products.,—,—,2018,imbuenatural.com,3,Anupriya Kapur,Nov-50,2,Seed,"Jan 15, 2022","₹ 4,50,00,000.00",Seed,"₹ 6,65,00,000.00",,—,SAK Rajesh,,,,
DangalGames,Casual Games,Fantasy Sports,Kolkata,West Bengal,DangalGames is a skill-based online gaming platform where users can win cash prizes while playing games.,—,—,2017,dangalgames.com/,5,Karan Gandhi,51-100,2,Early Stage Venture,"Jul 1, 2020","$ 20,00,000.00",Series A,"$ 23,50,000.00",,—,Manan Sobti,,,,
GuruQ,Reading Apps,,New Delhi,Delhi,A one of its kind digital integrated platform connecting tutors and students.,—,$1M to $10M,Jan-17,www.guruq.in/,1,Minal Anand,Nov-50,2,Seed,"Oct 23, 2018","₹ 2,50,00,000.00",Seed,"₹ 2,50,00,000.00",23 High Networth Individuals (HNIs),1,,,,,
Tekie,EdTech,Education,Gurgaon,Haryana,Tekie is a live coding platform that brings the art of storytelling to make learning a movie-like experience.,122002,$1M to $10M,2017,www.tekie.in/,2,Anand Verma,51-100,1,M&A,"May 24, 2021","$ 15,00,000.00",Seed,"$ 15,00,000.00",GSV Ventures,3,Naman Mukund,Better Capital,Multiply Ventures,,
Wubba Lubba Dub Dub,Advertising,Content Creators,Bangalore,Karnataka,"Wubba Lubba Dub Dub is a digital communication agency that provides meme campaigns, influencer marketing, and content on-demand services.",560004,$1M to $10M,2018,wldd.in,—,,51-100,1,Seed,"Apr 11, 2023","$ 12,50,000.00",Seed,"$ 12,50,000.00",Negen Capital Services,1,,,,,
Shri Chyawan Ayurved,Health Care,Retail,Raipur,Chhattisgarh,Shri Chyawan Ayurved offers herbal products.,493661,—,2018,www.shrichyawanayurved.com/,—,,51-100,1,Seed,"Jul 19, 2022","₹ 1,53,00,000.00",Seed,"₹ 1,53,00,000.00",Dhaval Shah,2,,Vibhor Kanodia,,,
Houm,Internet,Network Security,Mumbai,Maharashtra,Houm is a start-up company that provides a private communication channel with privacy on the internet.,400059,—,Jan-18,houm.me,2,Bijai Jayarajan,Nov-50,1,Early Stage Venture,"Jan 1, 2018","$ 35,00,000.00",Series A,"$ 35,00,000.00",Bijai Jayarajan,1,Priya Goenka,,,,
Farmizen,AgTech,Farming,Bengaluru,Karnataka,Farmizen is an organic farming platform that controls farm through an available app.,560066,Less than $1M,2017,www.farmizen.com,1,Shameek Chakravarty,01-Oct,1,Seed,"Sep 8, 2017","$ 2,96,585.00",Seed,"$ 2,96,585.00",Venture Highway,4,,Alok Mittal,Mohit Agarwal,Anuj Gupta,
Amama Jewellery,Fashion,Jewelry,Delhi,Delhi,Amama Jewellery is a designer and manufacturer of premium fashion jewellery for women.,110091,—,2017,www.amama.in/,—,,101-250,1,Seed,"Jan 18, 2023","₹ 2,00,00,000.00",Seed,"₹ 2,00,00,000.00",She Capital,1,,,,,
Lugsto,Retail,,Noida,Uttar Pradesh,"Lugsto is a luggage storage network that offers cloakrooms located near major retail outlets, hotels, railway stations, and airports.",201301,Less than $1M,2018,www.lugsto.com,—,,01-Oct,1,Seed,"Jan 1, 2022","₹ 5,50,00,000.00",Angel,"₹ 5,50,00,000.00",,—,,,,,
Bigyellowfish,Real Time,Shipping,Chennai,Tamil Nadu,Bigyellowfish is an employee engagement platform.,—,$1M to $10M,2018,www.bigyellowfish.io,2,Kunal Pancholi,01-Oct,1,Seed,"Dec 21, 2022","$ 11,00,000.00",Seed,"$ 11,00,000.00",Anicut Capital,3,Soma Sundar Gollakota,Powerhouse Ventures,Innoport,,
Fedo,Artificial Intelligence (AI),Computer Vision,Bangalore,Karnataka,"Fedo, extract vitals, predicts health risks and the associated costs from a 14-second selfie video.",560102,$1M to $10M,"Mar 21, 2018",fedo.ai,1,Prasanth Madavana,Nov-50,2,Seed,"Nov 3, 2020","$ 10,00,000.00",Seed,"$ 10,00,000.00",Seafund,4,,Unicorn India Ventures,AIM Smart City,Ashish Mehrotra,
moneytor,Compliance,Debt Collections,Mumbai,Maharashtra,Moneytor is making debt collection more efficient.,400001,$1M to $10M,2017,moneytor.in/,2,Anubhav Singh,Nov-50,1,Seed,"Jan 11, 2018","$ 3,00,000.00",Pre-Seed,"$ 3,00,000.00",500 Global,2,Ayush Srivastava,ISME ACE - FinTech Accelerator,,,
Rapawalk,E-Commerce,Fashion,Bangalore,Karnataka,Rapawalk is an online brand that offers a personalized service of creating your own shoes.,560008,$1M to $10M,2017,www.rapawalk.com/,2,Aravind Maddireddy,01-Oct,3,Seed,"Nov 12, 2020","$ 3,00,000.00",Seed,"$ 6,45,170.00",Inflection Point Ventures,5,Kashif Mohammad,Paipal Ventures,Ravi Garikipati,Raveen Sastry,Sanjay Ramakrishnan
Bridge2Capital,Financial Services,FinTech,Delhi,Delhi,Bridge2Capital is a fintech platform which offers e-invoice-based financing for small businesses.,110058,$1M to $10M,"Jan 1, 2017",bridge2capital.com,4,Gopi Krishna,01-Oct,1,M&A,"May 21, 2020","$ 10,00,000.00",Angel,"$ 10,00,000.00",,—,Mohammed Riaz,,,,
RTIwala,Consulting,Content Creators,Bhopal,Madhya Pradesh,"RTIwala is a citizen-centric Legaltech startup, empowering the masses through sensible content and affordable legal solutions.",464993,Less than $1M,"Nov 22, 2017",www.rtiwala.com,big MNCs,and Bureaucrats,Articles,Charticles,—,—,—,2,Kritika Mahendra,01-Oct,—,https://www.crunchbase.com/search/funding_rounds/field/organization.companies/last_funding_total/rtiwala,Pontaq,1,1,https://www.crunchbase.com/search/organizations/field/organization.companies/revenue_range/r_00000000
Workruit,Employment,Human Resources,Hyderabad,Andhra Pradesh,"Workruit provides a suite of apps for Resume Builder, Job Training, Job Search and Assessments.",—,Less than $1M,Aug-17,workruit.com,1,Manikanth Challa,Nov-50,1,Seed,"Oct 17, 2022","$ 5,00,000.00",Seed,"$ 5,00,000.00",Kantamaneni Family Office,1,,,,,
SmartReach.io,Email,Information Technology,Hyderabad,Andhra Pradesh,Sales Engagement Software Specialising in B2B Sales Outreach,500032,Less than $1M,"Dec 4, 2017",smartreach.io,2,Akhilesh Betanamudi,Nov-50,1,Seed,"Apr 9, 2018","$ 70,000.00",Pre-Seed,"$ 70,000.00",,—,Prateek Bhatt,,,,
MEDdelivery,Health Care,Pharmaceutical,Jaipur,Rajasthan,MEDdelivery operates as a B2B pharma-tech startup.,302039,—,2018,meddelivery.in/,3,Aastha Dusad,01-Oct,1,Seed,"Sep 27, 2021","₹ 7,40,00,000.00",Seed,"₹ 7,40,00,000.00",LetsVenture,5,Rahul Gautam,Faad Network,Auxano,Venture Garage,Kisho Capital
Hemp Horizons,Cannabis,E-Commerce,Noida,Uttar Pradesh,Cannabis and Hemp company,201301,Less than $1M,Apr-17,www.thehealthhorizons.com,3,Kanishk Yadav,Nov-50,2,Seed,"Apr 25, 2022",—,Seed,"₹ 2,00,00,000.00",AngelList,4,Kartikey Dadoo,Mumbai Angels,Hindustan Media Venture,Bikky Khosla,
Intugine Technologies,Internet of Things,Logistics,Bangalore,Karnataka,Intugine Technologies is a SaaS technology company that helps businesses optimize logistics and supply chain operations.,560034,$1M to $10M,2017,www.intugine.com,3,Ayush Agrawal,101-250,3,Seed,"Nov 29, 2022","₹ 19,00,00,000.00",Seed,"₹ 19,00,00,000.00",Inflection Point Ventures,11,Harshit Shrivastava,Mela Ventures,Innoport,Mitesh Shah,Ankur Mittal
Botman,Fraud Detection,Information Services,Bengaluru,Karnataka,Botman offers solutions that give maximum control to the traffic buyers and enable them to filter what they don't need.,—,$1M to $10M,2017,www.botman.ninja/,2,Deepankar Biswas,01-Oct,1,Seed,"Jul 8, 2021","₹ 1,50,00,000.00",Seed,"₹ 1,50,00,000.00",Pentathlon Ventures,2,Raja T N,Modulor Capital,,,
WonDRx,Electronic Health Record (EHR),Health Care,Mumbai,Maharashtra,"Pronounced as Wonder RX. WonDRx prescription serves as the foundation of connected healthcare, it helps optimize clinical practices.",—,$1M to $10M,2018,www.wondrx.com/,2,Pankaj Agrawal,Nov-50,2,Seed,"Nov 28, 2019","$ 10,00,000.00",Seed,"$ 10,00,000.00",Venture Catalysts,2,Pankaj Sindhu,NB Ventures,,,
EdYoda,E-Learning,EdTech,Bangalore,Karnataka,India's most affordable employability focused LIVE learning platform!,560037,—,2017,www.edyoda.com/,2,Arman Ahmed,51-100,1,Seed,"Mar 31, 2023","$ 2,50,000.00",Pre-Seed,"$ 2,50,000.00",,—,Awantik Das,,,,
Nosh,Electronics,Robotics,Bangalore,Karnataka,Nosh is a home cooking robot controlled by an app that can prepare a wide variety of foods.,560066,$1M to $10M,2018,www.letsnosh.io/,3,Amit Kumar Gupta,01-Oct,1,Seed,"Nov 24, 2022","$ 10,00,000.00",Pre-Seed,"$ 10,00,000.00",Vijay Pravin Maharajan,3,Pranav Raval,Supermorpheus,BITS Spark Angels,,
Nutty Yogi,Organic Food,Snack Food,Bangalore,Karnataka,Nutty Yogi is a Bengaluru-headquartered clean-labelled organic food brand.,—,$1M to $10M,2017,nuttyyogi.com/,—,,—,1,Seed,"May 5, 2022","₹ 5,00,00,000.00",Seed,"₹ 5,00,00,000.00",Multiply Ventures,1,,,,,
Hapramp Studio,Blockchain,Cryptocurrency,Gurgaon,Haryana,"Hapramp Studio is an internet company that specializes in the fields of blockchain, cryptocurrency, and social media.",122017,—,2018,www.hapramp.com,4,Ankit Kumar,01-Oct,2,Seed,"Jun 10, 2020","$ 10,00,000.00",Seed,"$ 10,00,000.00",Huddle,2,Mofid Ansari,Anand Mahindra,,,
Rivi,Artificial Intelligence (AI),Consulting,Bengaluru,Karnataka,Rivi is an AI and Technology company.,560001,Less than $1M,"Sep 15, 2017",rivi.co,1,Mayank Makkar,Nov-50,1,Seed,"Oct 30, 2019","$ 1,50,000.00",Pre-Seed,"$ 1,50,000.00",,—,,,,,
Logibricks Technologies,B2B,Software,Pune,Maharashtra,Logibricks Technologies is a B2B enterprise software product company.,—,—,"Feb 1, 2017",www.logibricks.in/,4,Ameya Shah,Nov-50,1,Seed,"Feb 4, 2022","$ 15,00,000.00",Seed,"$ 15,00,000.00",Shiprocket,1,Chandni Priya,,,,
NewsReach India,Advertising,,Gujarat,India,NewsReach India offers partner publications a digital footprint and monetisation of their content via advertisements.,380001,—,2018,www.newsreach.in,2,Soniya Kundnani,",",Nov-50,5,—,"Mar 9, 2022","$ 80,000.00",Venture - Series Unknown,HEM ANGELS,",,,,",Mumbai Angels,,,,
Medtel Healthcare,Clinical Trials,Fitness,Bhubaneswar,Orissa,An aggregator for Digital Health Clinics in low resource settings.,751024,$10M to $50M,2017,medtel.in/,7,Ajit Choudhury,Nov-50,2,Seed,"May 14, 2021","$ 5,00,000.00",Seed,"$ 6,43,318.00",Bharat Petroleum Corp.,3,Dr. Soumyakant Das,Startup Odisha,Innovative Ventures and Technologies for Development(INVENT),Siba Prasad Panda,
Jiny,Enterprise Software,Guides,Bangalore,Karnataka,"Jiny is a novel, award-winning platform powering the largest tech companies to simplify digital experiences for the next billion users.",560048,$1M to $10M,"Apr 20, 2017",www.jiny.io/,2,Kushagra Sinha,Nov-50,2,M&A,"Jul 15, 2019","$ 7,20,000.00",Seed,"$ 10,70,000.00",3one4 Capital,4,Sahil Sachdeva,Ankur Capital,Phanindra Sama,Ritesh Jain,
Cogno AI,Artificial Intelligence (AI),Software,Mumbai,Maharashtra,AI-driven Omnichannel Cloud Communication-as-a-Service,400072,—,"Apr 21, 2017",www.getcogno.ai,2,Aman Goel,51-100,1,M&A,"Jun 1, 2017","$ 3,500.00",Pre-Seed,"$ 3,500.00",,—,Harshita Srivastava,,,,
Astrogate Labs,Aerospace,Manufacturing,Bangalore,Karnataka,Astrogate Labs provides high-quality products related to space infrastructure.,560 095,Less than $1M,2017,astrogatelabs.com,2,Aditya Kedlaya,01-Oct,2,Seed,"Nov 24, 2020","$ 2,00,000.00",Seed,"$ 2,00,000.00",9Unicorns Accelerator Fund,2,Nitish Singh,Speciale Invest,,,
Recordent,Credit,Financial Services,Hyderabad,Andhra Pradesh,Recordent is a technology-enabled credit and payment reporting platform by by checking payment history of customers.,500002,Less than $1M,Mar-18,www.recordent.com/,2,Harish Mamtani,Nov-50,2,Seed,"Nov 23, 2021","$ 4,00,000.00",Angel,"$ 4,00,000.00",Kantamaneni Family Office,2,Winny Patro,IIM Calcutta Innovation Park,,,
Clear Meat,Alternative Protein,Food and Beverage,Delhi,Delhi,Clear Meat is a producer of lab-cultured meat.,—,$1M to $10M,2018,www.clearmeat.com/,3,Kartik Dixit,01-Oct,2,Seed,"Sep 25, 2021","$ 80,200.00",Seed,"$ 1,60,200.00",Brinc,1,Pawan Dhar,,,,
Ripsey,Food and Beverage,Food Delivery,Mumbai,Maharashtra,Ripsey is a food and beverage company that provides food delivery services.,—,$1M to $10M,"Jan 1, 2018",www.ripsey.com/,1,Silky Singh,01-Oct,2,Seed,"Jul 16, 2020","₹ 1,00,00,000.00",Seed,"₹ 2,00,00,000.00",ah! Ventures,1,,,,,
CashRich,Apps,Financial Services,Mumbai,Maharashtra,"CashRich, a simple wealth management app, helps its users to manage their money more confidently.",—,Less than $1M,2017,www.cashrich.com/,1,Sougata Basu,01-Oct,2,Seed,"Nov 20, 2018","$ 10,00,000.00",Seed,"$ 10,00,000.00",,—,,,,,
MentorKart,Career Planning,DevOps,New Delhi,Delhi,MentorKart help Youth to start career with Skill Development and Constant Mentoring support.,—,Less than $1M,"Jan 1, 2018",mentorkart.com/,"Supply chain management and many more.\\""\""",—,—,3,Ashish Khare,https://www.crunchbase.com/person/ashish-khare,https://www.crunchbase.com/search/people/field/organization.companies/num_employees_enum/mentorkart,https://www.crunchbase.com/search/funding_rounds/field/organization.companies/num_funding_rounds/mentorkart,"Nov 26, 2021","$ 1,00,000.00","$ 2,50,000.00",4,",,",https://www.crunchbase.com/person/harsh-srivastava-8b37,https://www.crunchbase.com/person/s-k-mohanty-3763,LetsVenture
Bike Bazaar,Automotive,Financial Services,Pune,Maharashtra,Bike Bazaar is a finance company that specializes in financing pre-owned and new two-wheelers.,411001,—,Apr-17,www.wheelsemi.com,3,Karunakaran Vadakkepat,251-500,7,Late Stage Venture,"Feb 6, 2023","$ 1,00,00,000.00",Series D,"$ 10,50,84,912.00",Elevar Equity,4,Ratheesh Bharathan,KFW DEG,Faering Capital,Women's World Banking,
Wizely,Financial Services,FinTech,Bangalore,Karnataka,Wizely is India’s first platform dedicated to Financial Wellness for emerging India.,—,Less than $1M,2017,www.wizely.in/,2,Nihar Bobba,Nov-50,1,Seed,"Dec 30, 2017","$ 15,00,000.00",Seed,"$ 15,00,000.00",Berkeley Angel Network,2,Vijay Bobba,Javelin Venture Partners,,,
Minko,Financial Services,FinTech,Sanquelim,Goa,Minko is a retail fintech platform that provides credit facilities to small shop and retail shop owners.,403505,—,2017,minko.app,—,,Nov-50,2,Seed,"Dec 22, 2021","$ 15,00,000.00",Seed,"$ 15,00,000.00",JioGenNext,14,,Kunal Shah,Kudos Finance & Investments,Vivekananda Hallekere,Nitin Gupta
Smart Express,Air Transportation,Logistics,Mumbai,Maharashtra,Smart Express operates as a logistics technology startup.,—,—,2018,,1,Yogesh Dhingra,—,1,Seed,"Aug 17, 2021","₹ 1,00,00,00,000.00",Seed,"₹ 1,00,00,00,000.00",Smiti Holding & Trading Co.,3,,IIFL Special Opportunities Fund,Yogesh Dhingra,,
Startoon Labs,Electronics,Product Design,Secunderabad,Andhra Pradesh,Startoon Labs develops smart electronic systems catering to the current needs of the market through the design and development.,—,Less than $1M,2017,www.startoonlabs.com/,2,Mythreyi Kondapi,01-Oct,3,Seed,"Apr 1, 2023",—,Angel,"₹ 50,00,000.00",WE Hub,3,Susurla V S Suresh,Guptaji invests,Biotechnology Industry Research Assistance Council(BIRAC),,
GalaxyCard,Finance,Financial Services,New Delhi,Delhi,Mobile based Instant credit card. | Easiest way to get a credit card. Get one in 3 minutes,110030,—,Jan-18,www.galaxycard.in/,1,Gunjeet Singh,01-Oct,3,Seed,"Jul 15, 2021","$ 5,00,000.00",Seed,"$ 5,00,000.00",India Accelerator,5,,Sprint Vc,Samyakth Capital,Poojit Jain,Gopinath Latpate
Finkraft,Finance,Financial Services,Mumbai,Maharashtra,FinKraft is an invoice and data reconciliation service that helps Indian companies obtain GST credits quickly and easily.,—,—,2017,finkraft.ai,1,Rohit Anand,Nov-50,1,Seed,"Apr 28, 2020","$ 1,20,000.00",Pre-Seed,"$ 1,20,000.00",Techstars,1,,,,,
DTown Robotics,Industrial Automation,Robotics,Dehra Dun,Uttarakhand,"DTown Robotics provides customised product solutions in robotics, automation, and drones.",248002,Less than $1M,2018,dtownrobotics.in/,—,,01-Oct,1,Seed,"Dec 14, 2021","$ 5,00,000.00",Seed,"$ 5,00,000.00",Regard Network Solution,2,,Electronic Eye Systems,,,
Kyte,Artificial Intelligence (AI),Machine Learning,Mumbai,Maharashtra,Kyte is a software application platform that utilizes an intelligent SMS inbox.,—,$1M to $10M,2018,kyte.ai/,3,Dhanesh Kumar,01-Oct,2,Private Equity,"Sep 1, 2021","$ 8,13,74,811.00",Private Equity,"$ 8,13,74,811.00",Y Combinator,1,Jaideep Poonia,,,,
clicbrics,Commercial Real Estate,Real Estate,Gurgaon,Haryana,Clicbrics is the first online real estate advisor in India to have both exclusive and non-exclusive property listings,122018,$1M to $10M,"May 21, 2017",www.clicbrics.com,1,Rohit Malik,51-100,1,Seed,"Aug 14, 2019","$ 30,00,000.00",Seed,"$ 30,00,000.00",Manny Singh,2,,Peter Mann,,,
Captain Zack,Consumer Goods,E-Commerce,Mumbai,Maharashtra,Captain Zack is a pet grooming brand formulated with the objective of giving comfort to canines.,400018,$1M to $10M,2017,captainzack.in/,1,Mohit Lalvani,Nov-50,2,M&A,"Oct 31, 2019","$ 15,00,000.00",Seed,"$ 15,00,000.00",Roots Ventures,6,,Kushal Desai,Sunil Agarwal,Naval Bir Kumar,Chaitanya Desai
Pixalive,Software,,Chennai,Tamil Nadu,Pixalive is an Indian social media application with voice note feature.,—,—,"Feb 6, 2018",www.pixalive.me/,1,Rajasekar S,Nov-50,1,Seed,"Aug 7, 2019","$ 5,00,000.00",Seed,"$ 5,00,000.00",,—,,,,,
Armour Heavy,Fashion,Retail,Noida,Uttar Pradesh,Armour Heavy is a reflective of the resilience and bravery displayed by the brave folks in challenging situations in their lines of work,—,—,2018,armourheavy.com,—,,01-Oct,1,Seed,"Apr 12, 2023","₹ 1,60,00,000.00",Pre-Seed,"₹ 1,60,00,000.00",India Accelerator,1,,,,,
Intron Life Sciences,Biotechnology,Health Care,Hyderabad,Andhra Pradesh,Intron Life Sciences is a manufacturer of probiotics and other biotech products.,—,$1M to $10M,"Jan 1, 2018",www.intronlifesciences.com/,1,Murali Krishna P S,Nov-50,1,Private Equity,"Jan 1, 2019","$ 1,00,00,000.00",Private Equity,"$ 1,00,00,000.00",InvAscent,1,,,,,
Huddle,Consulting,Financial Services,Haryana,Haryana,A coworking incubator  Company.,122002,Less than $1M,2017,huddle.work/,2,Ishaan Khosla,01-Oct,1,Seed,"Mar 31, 2018","$ 3,00,000.00",Seed,"$ 3,00,000.00",,—,Rakesh Bhatia,,,,
13SQFT,Information Technology,Infrastructure,Gurgaon,Haryana,"13SQFT is the world's first and largest B2B platform for Warehousing, Industrial.",—,—,2017,www.13sqft.com,—,,51-100,1,Seed,"Aug 24, 2023","$ 10,00,000.00",Seed,"$ 10,00,000.00",Inflection Point Ventures,1,,,,,
XMACHINES,Agriculture,Artificial Intelligence (AI),Hyderabad,Andhra Pradesh,Robotics & AI company,500050,Less than $1M,"Mar 16, 2017",xmachines.ai/,1,Trivikram Kumar,01-Oct,2,Seed,"Nov 1, 2023",—,Seed,"$ 92,395.00",DLabs,3,,Dare Ventures,IIIT-H Seed Fund,,
HappyEMI,Consumer,Financial Services,Bangalore,Karnataka,HappyEMI is a point of sale digital lending platform that helps consumers finance their purchases in-store and online,560055,$1M to $10M,"May 15, 2017",www.happyemi.com/,2,Anmol Vij,Nov-50,2,Seed,"Apr 19, 2019","$ 10,00,000.00",Seed,"$ 20,00,000.00",Jain International Trade Organisation(JITO),3,Suhas Gopinath,AJ Ventures,K50 Ventures,,
AskSid Technology Solutions,Artificial Intelligence (AI),Computer Vision,Bangalore,Karnataka,AskSid Technology Solutions is a specialist Conversational AI solution for retail and consumer goods.,560001,—,2017,www.asksid.ai/,2,Dinesh Sharma,Nov-50,2,M&A,"Jan 10, 2021","$ 1,20,000.00",Pre-Seed,"$ 1,20,000.00",Techstars,2,Sanjoy Roy,10000 Start-Ups,,,
Dwizzy,CRM,Information Technology,Noida,Uttar Pradesh,Dwizzy is a software products and services company that develops smart AI-based retail CRM for all business needs.,201301,Less than $1M,"Jul 31, 2017",dwizzy.in,1,Kartikey Choudhary,101-250,1,IPO,"Mar 1, 2019","₹ 2,16,99,030.00",Angel,"₹ 2,16,99,030.00",,—,,,,,
Vahak,Apps,Logistics,Bangalore,Karnataka,Vahak operates an online transport marketplace and directory platform for small and medium-sized businesses.,—,—,"Aug 24, 2017",www.vahak.in,1,Karan Shaha,51-100,4,Early Stage Venture,"Jun 20, 2022","$ 1,30,00,000.00",Series A,"$ 1,83,00,000.00",Titan Capital,20,,Google for Startups,Nexus Venture Partners,Luxor Capital Group,Vidit Aatrey
Edvizo,Consumer,Education,Kormangala,Karnataka,Edvizo is an education based startup.,560095,$1M to $10M,2018,www.edvizo.com/,1,Ravi Nishant,Nov-50,2,Seed,"Jul 19, 2021","$ 10,00,000.00",Seed,"$ 11,50,000.00",Inflection Point Ventures,3,,Vinay Bansal,Ankur Mittal,,
Med365 Healthcare,Health Care,Health Diagnostics,Jaipur,Rajasthan,"Wellness, Specialised Testing, Healthcare at Home",302001,$1M to $10M,"Oct 1, 2017",www.med365.in,1,Deepesh Rajpal,Nov-50,1,Seed,"Nov 12, 2018","₹ 5,00,00,000.00",Seed,"₹ 5,00,00,000.00",,—,,,,,
Electrifuel,Electric Vehicle,,Gurgaon,Haryana,Electrifuel is an EV technology startup that creates an EV battery management system.,122016,$1M to $10M,2017,www.electrifuel.com/,4,Abhishek Kumar,Nov-50,1,Seed,"Aug 31, 2022","₹ 1,80,00,000.00",Seed,"₹ 1,80,00,000.00",Indian Angel Network,3,Sumesh Kumar,Pradeep Gupta,Sahil Kejriwal,,
ExperientialEtc,Advertising,Brand Marketing,Mumbai,Maharashtra,Experiential Marketing,400064,—,"Jan 1, 2017",www.experientialetc.com/,—,,Nov-50,2,Seed,"Nov 18, 2022","$ 3,50,000.00",Seed,"$ 5,50,000.00",We Founder Circle,3,,StartupLanes,India Accelerator,,
Tenxer Technologies,Cloud Computing,Electronics,Bengaluru,Karnataka,TenXer Technologies created the platform for doing IC evaluation online with just a browser.,560076,$1M to $10M,2017,tenxertech.com,1,Sridhar Joshi,01-Oct,2,—,"Dec 28, 2022","$ 28,73,999.00",Venture - Series Unknown,"$ 28,73,999.00",TiE Angels,1,,,,,
Kuants,Finance,Financial Services,Gurgaon,Haryana,Kuants is an algorithmic trading platform that provides all the required tools as well as the infrastructure requirements.,122015,Less than $1M,2017,kuants.in/,2,Ayush Gangwar,01-Oct,2,Seed,"Jan 12, 2018","₹ 50,00,000.00",Seed,"₹ 50,00,000.00",India Accelerator,3,Mohit Bansal,Ankush Gupta,Pankaj Chopra,,
Revoh,Electric Vehicle,Electronics,Chennai,Tamil Nadu,Electric vehicle powertrain manufacturing,600113,Less than $1M,"Feb 5, 2017",www.revoh.in,1,Vignesh Durai,01-Oct,2,Seed,"Jun 15, 2023","$ 4,25,000.00",Seed,"$ 5,75,000.00",Whiteboard Capital,4,,Vel Kanniappan,Nexzu Technologies,Ravi Renganathan,
Urbanrise Tambaram,Construction,Property Development,Chennai,Tamil Nadu,"Urbanrise Tambaram is a upcoming residential project in Tambaram, Chennai by Urbanrise Group a real estate development company.",600 085,—,2017,urbanrisegroup.com/chennai/urbanrise-tambaram/,—,,501-1000,1,Private Equity,"Oct 22, 2022","₹ 2,60,00,00,000.00",Private Equity,"₹ 2,60,00,00,000.00",Motilal Oswal Private Equity,1,,,,,
Slang Labs,Natural Language Processing,Software,Bengaluru,Karnataka,Slang enables developers to add a multi-lingual and multi-modal Voice Augmented eXperience on top of their mobile app or websites.,560001,—,Sep-17,slanglabs.in,4,Giridhar Murthy,Nov-50,2,—,"Jul 15, 2021","$ 5,00,000.00",Venture - Series Unknown,"$ 5,00,000.00",Endiya Partners,5,Kumar Rangarajan,100x Entrepreneur,Google Assistant Investments,Vel Kanniappan,Thomas George
BLUE TEA INDIA,E-Commerce,,Faridabad,Haryana,"BLUE TEA INDIA is a unique premium herbal tea brand. Selling in India, USA & UK. Tea brand focused- High on health & visual appeal.",121006,$1M to $10M,2017,bluetea.co.in/,2,Nitesh Singh,51-100,1,Seed,"Apr 1, 2017","$ 25,000.00",Pre-Seed,"$ 25,000.00",,—,Sunil Chandra Saha,,,,
Babydestination,Child Care,Health Care,New Delhi,Delhi,It is a trusted community for pregnant and new moms who come to learn and share their parenting experiences.,110024,$1M to $10M,2017,www.babydestination.com/,2,Tamanna Dhamija,Nov-50,1,Seed,"Dec 17, 2017","₹ 2,00,00,000.00",Seed,"₹ 2,00,00,000.00",GEMS Partner,2,Tarun Dhamija,Tariq Khan,,,
Jadooz,Association,Social Media,Noida,Uttar Pradesh,Jadooz is the brainchild of industry leaders from the field of film.,201305,Less than $1M,2017,www.jadooz.in/,2,Kanika Singal,01-Oct,1,Seed,"Jun 4, 2019","₹ 1,85,00,000.00",Seed,"₹ 1,85,00,000.00",Artha Group,1,Rahul Nehra,,,,
Fresh From Farm,Farming,Fruit,New Delhi,Delhi,Fresh From Farm supplies hydroponic fruits and vegetables.,—,—,2018,freshfromfarm.in/,—,,Nov-50,1,Seed,"Nov 24, 2022","₹ 3,20,00,000.00",Seed,"₹ 3,20,00,000.00",Inflection Point Ventures,1,,,,,
ABL Workspaces,Hospitality,,New Delhi,Delhi,ABL Workspaces is a co-working space where professionals from all walks of life come to work under one roof.,110016,—,2017,www.ablworkspaces.com/,1,Ankur Gupta,Nov-50,2,Early Stage Venture,"Nov 29, 2021","₹ 15,00,00,000.00",Series A,"₹ 15,00,00,000.00",Great Point Capital LLC,1,,,,,
Collekto,Finance,Financial Services,Mumbai,Maharashtra,Collekto is a developer of financial technologies for debt collection and stressed asset reconstruction.,—,—,"Jan 1, 2018",collekto.in/,2,Bipul C Naithani,01-Oct,1,Seed,"Dec 1, 2022","$ 7,50,000.00",Seed,"$ 7,50,000.00",HEM ANGELS,1,Gurjot Singh,,,,
Idha Skin Clinic,Beauty,Cosmetics,Bangalore City,Karnataka,Idha skin clinic jayanagar is dedicated to restore health and natural beauty to your skin.,560011,—,2018,idhaclinic.com,2,Kiran Murthy,Nov-50,5,—,"Jun 8, 2023","$ 60,000.00",Venture - Series Unknown,"$ 3,03,942.00",Kiran Murthy,1,Kiran Murthy,,,,
Hyperdata.IO,B2B,Machine Learning,Hyderabad,Andhra Pradesh,Hyperdata combines advanced machine learning with human intelligence.,—,—,2017,www.hyperdata.io/,1,Samrat Krishna,01-Oct,1,Seed,"Apr 25, 2018","₹ 5,00,00,000.00",Angel,"₹ 5,00,00,000.00",Atim Kabra,3,,Abhay Deshpande,C Cube Angels,,
90+ My Tuition App,E-Learning,Education,Thrissur,Kerala,90+ My Tuition App digital classes are syllabus and textbook oriented with animated content for easier understandability.,680308,—,2018,mytuitionapp.com/,1,Vingish Vijay,251-500,1,Early Stage Venture,"Jul 28, 2021","$ 50,00,000.00",Series A,"$ 50,00,000.00",Pearl Investment,1,,,,,
Mr. Cabie,Taxi Service,Transportation,Pune,Maharashtra,Outstation Cab services in India,411036,—,"Jan 29, 2018",www.mrcabie.com,2,Aman Punshi,Nov-50,2,Early Stage Venture,"Sep 25, 2020","$ 1,00,000.00",Series A,"$ 1,48,998.00",Anonymous Investor,1,Saksham Bhagat,,,,
Ai Health Highway,Artificial Intelligence (AI),Health Care,Karnataka,India,Ai Health Highway is an AI-first company focused on making screening of chronic diseases cost-effective at primary care clinic.,—,Less than $1M,2018,aisteth.com/,—,,—,01-Oct,1,Seed,"Aug 6, 2020","$ 85,000.00",Pre-Seed,,—,,,,,
Cast India,Digital Marketing,Film,Pune,Maharashtra,"Cast India is a professional mentoring firm that guides, grooms, enhances, and launches artists.",411016,—,"Oct 25, 2017",castindia.in,2,Praddyumna Bapat,Nov-50,1,Seed,"Jan 3, 2021","₹ 1,00,00,000.00",Seed,"₹ 1,00,00,000.00",Prakash Jain,1,Pulkit Jain,,,,
Filmymoji,Advertising,E-Commerce,Vishakhapatnam,Andhra Pradesh,Fastest growing South Indian Brand on Youtube,530003,—,2017,filmymoji.com/,1,Karthick Reddy Chirra,Nov-50,1,Seed,"Nov 2, 2021","$ 2,50,000.00",Pre-Seed,"$ 2,50,000.00",,—,,,,,
CyGenica,Biotechnology,,Pune,Maharashtra,"CyGenica uses a non-viral, non-toxic platform to develop in vitro and in vivo delivery solutions for drugs and antibiotics.",411 008,—,2017,www.cygenica.com/,1,Nusrat Jahan Sanghamitra,01-Oct,1,Seed,"Jun 8, 2021","$ 14,00,000.00",Seed,"$ 14,00,000.00",SOSV,5,,David Rowan,VOYAGERS Health-Tech Fund,Sharaf Yamani,Sami Mikati
Insuremile,Financial Services,Insurance,Bangalore,Karnataka,Insuremile is an insurance web aggregator that enables financial protection to 96% of Indians who are under risk.,560034,—,2017,insuremile.in/,—,,Nov-50,1,Seed,"Feb 15, 2022","$ 3,50,000.00",Pre-Seed,"$ 3,50,000.00",Seeders,1,,,,,
SiCureMi,Health Diagnostics,Internet,New Delhi,Delhi,SiCureMi is a medical device manufacturing company that specializes in the fields of vital signs monitoring and decision support.,—,—,2017,www.sicuremi.com/,4,Apoorva Mathur,Nov-50,2,Seed,"Sep 22, 2021","$ 7,50,000.00",Seed,"$ 7,60,000.00",Boomtown Accelerators,7,Prakash Thakur,Right Side Capital Management,Centre for Cellular and Molecular Platforms,Biotechnology Industry Research Assistance Council(BIRAC),COPIC Companies
General Diagnostics International,Biotechnology,Clinical Trials,Mumbai,Maharashtra,General Diagnostics International is a responsible laboratory that prioritizes the well-being of its patients.,—,—,2017,gd-lab.com/,—,,—,1,Private Equity,"Jun 6, 2023","$ 1,05,00,000.00",Private Equity,"$ 1,05,00,000.00",InvAscent,1,,,,,
SMILE INTERNET TECHNOLOGIES PRIVATE LIMITED,Artificial Intelligence (AI),Content Creators,Gurgaon,Haryana,GetVid.ai is on mission to help Video Creators become more efficient,122016,$1M to $10M,"Jan 15, 2018",www.getvid.ai,2,Siddharth Puri,Nov-50,1,Seed,"Feb 28, 2018","$ 20,00,000.00",Seed,"$ 20,00,000.00",Smile Group,1,Vaibhav Pandey,,,,
SafexPay,FinTech,Payments,Thane,Maharashtra,Safexpay is a B2B2B fintech focussed on platform & API infrastructure for businesses across the globe,—,—,"Apr 1, 2017",www.safexpay.com/,1,Ravi Gupta,51-100,1,—,"Apr 8, 2021","₹ 44,00,00,000.00",Venture - Series Unknown,"₹ 44,00,00,000.00",Arbor Advisors,2,,T Choithrams BVI,,,
Leptron,Blockchain,Consulting,Bengaluru,Karnataka,Leptron Technologies is a tech startup focusing on building world's first data-driven blockchain network for businesses.,—,—,"Feb 15, 2018",leptron.net,3,Nitesh Raghu,Nov-50,1,Seed,"Apr 15, 2022","$ 10,00,000.00",Pre-Seed,"$ 10,00,000.00",Himanshu Periwal,1,Pavan Ananth,,,,
TOAE Security,Cyber Security,,Bangalore,Karnataka,"A global leader in security, technology services, and digital security enablement.",560001,—,"Sep 28, 2017",www.toaesecurity.com/,1,Shubham Mishra,51-100,1,Early Stage Venture,"Feb 24, 2023","$ 1,00,00,000.00",Series A,"$ 1,00,00,000.00",,—,,,,,
GoHive - CoWorking,Commercial Real Estate,Coworking,Gurgaon,Haryana,"GoHive is the fastest growing CoWorking startup, currently operating 8 centres in Delhi & Gurugram, and soon entering Bengaluru & Mumbai.",122018,$1M to $10M,"Apr 20, 2017",www.gohive.in,1,Mishu Ahluwalia,Nov-50,2,Seed,"Aug 2, 2019","₹ 2,50,00,000.00",Seed,"₹ 3,50,00,000.00",,—,,,,,
Pitch N Hire,Enterprise Software,Human Resources,Noida,Uttar Pradesh,Pitch N Hire is a cloud-based recruitment software designed to help businesses streamline their hiring process.,201301,—,"Feb 28, 2017",www.pitchnhire.com/,1,Arpit Singhal,Nov-50,1,Seed,"Feb 3, 2021","$ 2,50,000.00",Pre-Seed,"$ 2,50,000.00",,—,,,,,
Technisanct,Artificial Intelligence (AI),Cyber Security,Kochi,Kerala,"Cyber Security SAAS providers which monitors exposures & risks by combining Risk Monitoring,Threat Intelligence & Attack Surface Management",560080,—,"Feb 20, 2018",www.technisanct.com,3,Dinson David Kurian,Nov-50,3,Seed,"Sep 1, 2021","$ 2,62,000.00",Seed,"$ 3,02,000.00",India Accelerator,1,Nandakishore Harikumar,,,,
Fraazo,Agriculture,AgTech,Mumbai,Maharashtra,Fraazo is a precision agriculture platform that leverages data to pick the finest produce from the best partners .,400099,—,2018,fraazo.com,4,Aashish Krishnatre,1001-5000,4,Early Stage Venture,"Jul 11, 2022","$ 68,00,000.00",Series B,"$ 6,98,09,935.00",Sixth Sense Ventures,7,Atul Kumar,Westbridge Capital,GVFL,Equanimity Investments,NAB Ventures
Furry Feedz,Food and Beverage,Meat and Poultry,Mumbai,Maharashtra,Furry Feedz offers high-quality meat to pets.,—,—,2017,furryfeedz.in,—,,—,1,Seed,"Nov 20, 2023","₹ 35,00,000.00",Angel,"₹ 35,00,000.00",Ankit Agrawal,2,,Kunal Kishore,,,
Sapio Analytics,Data Visualization,Government,Mumbai,Maharashtra,Sapio Analytics provides AI-powered policymaking solutions for government institutions.,—,—,2018,www.sapioanalytics.com/,1,Ashwin Srivastava,101-250,2,Seed,"Mar 1, 2023",—,Seed,"$ 1,50,000.00",ah! Ventures,2,,Soonicorn Ventures,,,
Mocero Health Solutions,Delivery,Health Care,Chennai,Tamil Nadu,Mocero Health Solutions is an HTIC- IIT Madras Incubated Company.,600113,—,"Dec 4, 2017",mocerohealth.com/,1,Palaniappan Narayanan,Nov-50,1,Seed,"Nov 1, 2022","₹ 1,30,00,000.00",Seed,"₹ 1,30,00,000.00",Inflection Point Ventures,1,,,,,
Livo.ai,Artificial Intelligence (AI),Biotechnology,Hyderabad,Andhra Pradesh,"Re-envisioning blood diagnostics, making it accessible, affordable and accurate.",—,—,"Feb 5, 2018",www.livo.ai,3,Dr. Junaid Shaik,Nov-50,1,Seed,"May 2, 2018","$ 6,00,000.00",Seed,"$ 6,00,000.00",,—,Faisal Sheikh,,,,
HelpNow,Health Care,Hospital,Mumbai,Maharashtra,HelpNow offers an ambulance service providing fast and quality medical response.,—,—,"Jan 1, 2017",www.gethelpnow.in/,3,Aditya Makkar,01-Oct,2,Seed,"Mar 16, 2020","$ 1,50,000.00",Seed,"$ 1,50,000.00",Y Combinator,4,Shikhar Agrawal,Tahseen Consulting,Wes Schwalje,Walid Aradi,
Easyplan,Financial Services,FinTech,Mumbai,Maharashtra,Easyplan develops a financial application that helps young people to easily save money.,—,Less than $1M,2017,easyplan.in/,2,Manisha Pandita,01-Oct,1,M&A,"Mar 16, 2020","$ 1,50,000.00",Pre-Seed,"$ 1,50,000.00",Y Combinator,2,Sanjay Gandhi,Soma Capital,,,
HyperleapAI,Artificial Intelligence (AI),Generative AI,Hyderabad,Andhra Pradesh,HyperleapAI is the Generative AI Platform that takes businesses from Playground to Production in no time.,—,—,2018,hyperleap.ai,—,,01-Oct,2,Seed,"Jun 2, 2022","$ 1,25,000.00",Pre-Seed,"$ 2,25,000.00",,—,,,,,
VasyERP,Apps,Billing,Ahmedabad,Gujarat,"ERP platform that handles everything from eCommerce to ERP, POS, Smart Retail, Omnichannel eCommerce, Self - Checkout, Smart Cart, mPOS",—,—,"Feb 9, 2017",www.vasyerp.com/,Self - Checkout,mPOS,Cloud Printing,Customer Loyalty & Memberships,Self-Kiosk,Offers & Discounts,Accounting,—,—,—,https://www.crunchbase.com/person/dharmendra-ahuja,https://www.crunchbase.com/search/funding_rounds/field/organization.companies/num_funding_rounds/vasyERP,https://www.crunchbase.com/search/funding_rounds/field/organization.companies/last_funding_total/vasyERP,https://www.crunchbase.com/search/funding_rounds/field/organization.companies/last_funding_type/vasyERP,https://www.crunchbase.com/search/funding_rounds/field/organization.companies/funding_total/vasyERP,https://www.crunchbase.com/organization/reliance-industries
Zaasna Proptech,PropTech,Real Estate,Bangalore,Karnataka,Zaasna Proptech  is a prop-tech enterprise geared towards disrupting the real estate industry,560102,$1M to $10M,2018,www.zaasna.com/,1,Arvind Kadam,Nov-50,1,Seed,"May 31, 2019","₹ 2,00,00,000.00",Seed,"₹ 2,00,00,000.00",,—,,,,,
WikQik,,,Noida,Uttar Pradesh,"WikQik: Learn, Get Hired, Anytime, Anywhere Easily",201307,$10M to $50M,2018,www.wikqik.com,1,Prashant Gandhi,101-250,1,Seed,"Apr 4, 2019","₹ 5,00,00,000.00",Seed,"₹ 5,00,00,000.00",,—,,,,,
SaasAnt,Accounting,Finance,Chennai,Tamil Nadu,SaasAnt takes out the manual data entry into your accounting software such as QuickBooks online using seamless integration.,—,—,"Sep 1, 2017",www.saasant.com,1,Aravinth Chandrasekaran,01-Oct,1,Seed,"Jan 12, 2018","$ 65,000.00",Pre-Seed,"$ 65,000.00",,—,,,,,
MedTrail,Health Care,SaaS,New Delhi,Delhi,Medtrail is SAAS platform for Doctors and Healthcare Service Providers,110044,—,Jun-17,www.medtrail.in,3,Mohit Mittal,101-250,1,Seed,"Jul 4, 2019","$ 10,00,000.00",Seed,"$ 10,00,000.00",LetsVenture,6,Nikhil Agrawal,STRIVE,Miten Sampat,Diverse Middle East FZE,Jamil Khatri
Inker Robotics,Product Search,Robotics,Thrissur,Kerala,"INKER promotes innovative robotics solutions, collaborative partnerships, and exceptional customer service.",680008,—,2018,inkerrobotics.com/,—,,51-100,1,Seed,"Mar 9, 2023","$ 12,00,000.00",Seed,"$ 12,00,000.00",AHK VENTURES,1,,,,,
Cub McPaws,E-Commerce,Fashion,Mumbai,Maharashtra,Cub McPaws is a kids clothing brand.,400050,Less than $1M,2018,www.cubmcpaws.com/,3,Abhay Bhat,01-Oct,3,Seed,"Mar 22, 2022","$ 22,00,000.00",Seed,"$ 33,00,000.00",Venture Catalysts,7,Kathirvel Kandaswami,Samyakth Capital,Takayuki Sugiura,Toshiro Wakimaru,Daisuke Takagi
Fotonvr,3D Technology,Animation,Mehsana,Gujarat,fotonVR provides complete setup of virtual Classroom of 30 students and a teacher with science study material.,384012,Less than $1M,"Dec 28, 2017",fotonvr.com,4,Dhaval Sonpal,51-100,1,Seed,"Jan 2, 2018","$ 1,35,000.00",Seed,"$ 1,35,000.00",,—,Mayur Patel,,,,
India Accelerator,Communities,Coworking,Gurgaon,Haryana,India Accelerator runs mentorship-driven acceleration programs for start ups.,122016,Less than $1M,"Apr 1, 2017",www.indiaaccelerator.co/,4,Abhay Chawla,Nov-50,1,Seed,"Aug 10, 2018",—,Angel,—,HotStart Ventures,2,Ashish Bhatia,InvestMind Solutions,,,
Techbooze Consultancy Services,Business Development,Consulting,New Delhi,Delhi,"\Techbooze[1] \""\""AN OPEN FORUM\""\"" is a service based enterprise""",https://www.crunchbase.com/search/organizations/field/organization.companies/location_group_identifiers/asia-pacific,110096,—,"May 27, 2017",we provide B-plan,Marketing Plan,"SWOT Analysis & the most important Investment Pitching Deck. To continue for further queries visit our website.

DPR (DETAILED PROJECT REPORT): Here you can make DPR’s of different projects (eg; Construction Projects). You will get softcopy as well as hardcopy of the report. The company will provide you a 3D-Autocad Modeling of the projects. To continue for further queries visit our website.

DIGITAL SERVICES: It is a forum where one can come and avail any web- related services (eg; WEB-DESIGNING","SOCIAL MEDIA MARKETING etc). To continue for further queries visit our website.

CAP (CAMPUS AMBASSADOR PROGRAM): TECHBOOZE Campus Ambassador Program is a campus connect program that aims to form a network of like-minded students across India. The program facilitates and nurtures future leaders of the country and contributes to their career growth. We want to empower and groom selected students across India who will serve as Techbooze community representatives in their respective institutions in order to empower your career prospectives. To continue for further queries visit our website.

“THINK BIG THINK DIFFERENT”\"",—,—,—,https://www.crunchbase.com/search/people/field/organization.companies/num_founders/techbooze,https://www.crunchbase.com/person/subhashis-kar,https://www.crunchbase.com/search/people/field/organization.companies/num_employees_enum/techbooze,Jan 3","2020""",Series A,,,,,,,,,,
The Healthy Company,Consumer Goods,Health Care,Gurgaon,Haryana,The Healthy Company is a superfoods and AI health venture.,122002,—,2018,www.thehealthycompany.in/,2,Ackshay Jain,Nov-50,3,Seed,"Jul 21, 2022",—,Seed,"$ 3,50,000.00",Inflection Point Ventures,11,Devansh Nawal,9Unicorns Accelerator Fund,Venture Catalysts,GetVantage,DSG Consumer Partners
Mogi I/O,Content,Internet,New Delhi,Delhi,"Mogi I/O is a next-generation, scalable and cost-effective delivery solution that enables online video providers.",—,—,2018,mogiio.com/,2,Rahul Lahoria,01-Oct,3,Seed,"Apr 8, 2022","$ 50,000.00",Pre-Seed,"$ 1,00,000.00",EXPERT DOJO,2,Vikrant Khanna,Pentathlon Ventures,,,
DotcomPal,Internet,SaaS,Jaipur,Rajasthan,"DotcomPal is the One-Stop Solution to Launch, Market, and Sell Products and Services Online for individual professionals",302021,—,"May 23, 2017",www.dotcompal.com,1,Amit Pareek,51-100,1,Early Stage Venture,"Dec 27, 2017","$ 14,00,000.00",Series A,"$ 14,00,000.00",Arc Ventures,1,,,,,
India Assist,Mobile,Mobile Apps,New Delhi,Delhi,"India Assist is a travel carefree through active assistance and distress management, channelized through their mobile application",110037,$1M to $10M,2017,www.indiaassist.com/,2,Harish Khatri,01-Oct,1,Seed,"Oct 16, 2019","$ 10,00,000.00",Seed,"$ 10,00,000.00",,—,Moqierish Tak,,,,
Enveu,Content Delivery Network,DevOps,Noida,Uttar Pradesh,Helping Video Service Providers redefine Video Experiences across platforms and devices with our Low Code SAAS Platform,201301,—,"May 21, 2017",enveu.com/,1,Shalabh Agarwal,Nov-50,1,Seed,"Oct 16, 2017","$ 70,000.00",Pre-Seed,"$ 70,000.00",,—,,,,,
Esah Tea,Service Industry,Tea,Mangaldai,Assam,Esah Tea is a boutique tea brand delivering fresh teas straight from artisanal small tea growers.,784125,—,2017,esahtea.com,1,Bijit Sarma,Nov-50,1,Seed,"Dec 20, 2021","₹ 3,00,00,000.00",Seed,"₹ 3,00,00,000.00",NEDFi Venture Capital,1,,,,,
MarketWolf,Apps,FinTech,Andheri,Maharashtra,MarketWolf is a trading app.,400053,—,2017,marketwolf.com,2,Thomas Joseph,Nov-50,4,Early Stage Venture,"Apr 11, 2022","$ 1,00,00,000.00",Series A,"$ 1,92,00,000.00",9Unicorns Accelerator Fund,11,Vishesh Dhingra,Crescent Point Energy,Jungle Ventures,Utsav Somani,Ramakant Sharma
eBik,Automotive,Electric Vehicle,Delhi,Delhi,"eBik is an innovation-driven company that builds high-quality products by investing in R&D, innovation, and automation.",—,—,2017,ebik.in/,—,,Nov-50,1,Seed,"Feb 24, 2022","₹ 1,75,00,000.00",Seed,"₹ 1,75,00,000.00",LetsVenture,3,,Sprint Vc,Social Alpha,,
QuantoAgro,Agriculture,Farming,Mumbai,Maharashtra,QuantoAgro is committed to reducing agriculture's environmental impact and building a sustainable and growing agriculture,400069,—,2018,quantoagro.co,—,,101-250,1,Seed,"Mar 13, 2023","$ 6,50,000.00",Seed,"$ 6,50,000.00",SAN Angels Network,2,,HNI's,,,
EzCred,Consumer Lending,Financial Services,Bengaluru,Karnataka,EzCred is a new age technology based consumer lending platform.,—,$1M to $10M,2017,www.ezcred.in/,2,Amiya Pathak,Nov-50,1,M&A,"May 19, 2017","₹ 10,00,000.00",Seed,"₹ 10,00,000.00",Dheeraj Pandey,7,Sachin Maheshwari,Rajesh Yohannan,Christian Oestlien,Akash Garg,Neill Occhiogrosso
ECOSTP Technologies,Biotechnology,Environmental Engineering,Mallesvaram,Karnataka,ECOSTP Technologies develops sanitation solutions through bioengineering.,560 055,—,2017,www.ecostp.com/,1,Tharun Kumar,01-Oct,2,Seed,"Sep 30, 2020","₹ 1,90,00,000.00",Seed,"₹ 1,90,00,000.00",ShelterTech,2,,Terwilliger Center for Innovation in Shelter,,,
HealWell24,Artificial Intelligence (AI),Health Care,Mumbai,Maharashtra,HealWell24 is a healthcare marketplace and doctor patient network platform and connects patients to nearby doctors.,400078,Less than $1M,"May 19, 2017",www.healwell24.com/,5,Chittaranjan Mishra,Nov-50,8,M&A,"Nov 1, 2021","$ 2,97,333.00",Series A,"$ 21,03,333.00",Plus Healthcare,17,Dushyant Bhatt,Singapore Angel Network,Kemexel Ventures (KEMEXEL GROUP COMPANIES),CIO Angel Network,Tainwala Group
PayWush,FinTech,Internet,New Delhi,Delhi,PayWush is the leading online payment service provider with over a thousand businesses using its intuitive and easy to use payments platform,—,$1M to $10M,2017,www.paywush.com,1,Ryan Thomas,Nov-50,1,Early Stage Venture,"Nov 5, 2019","$ 1,00,00,000.00",Series A,"$ 1,00,00,000.00",,—,,,,,
Agrahyah Technologies,Apps,Content Marketing,Mumbai,Maharashtra,"Agrahyah Technologies specializes in the fields of language technologies, content marketing, podcast, and audio on demand.",—,$1M to $10M,"Jul 7, 2017",agrahyah.com,3,Rushabh Vasa,Nov-50,1,Seed,"Jul 17, 2019","$ 10,00,000.00",Seed,"$ 10,00,000.00",,—,Sreeraman Thiagarajan,,,,
Bonphul Air Products,Clean Energy,CleanTech,Delhi,Delhi,Bonphul Air Products manufactures innovative and exciting air-based products.,—,$1M to $10M,2017,bonphulapl.com/,1,Narendra Bisht,Nov-50,1,Seed,"May 24, 2018","₹ 2,00,00,000.00",Angel,"₹ 2,00,00,000.00",Rx Infotech,2,,Karmesh Global Technologies,,,
KidzByte,News,,Mumbai,Maharashtra,"KidzByte provides educational news and knowledge platform for kids, by kids.",400072,$1M to $10M,2018,www.kidzbyte.com/,2,Chetan D'Souza,Nov-50,1,M&A,"Apr 2, 2019","$ 2,90,000.00",Seed,"$ 2,90,000.00",Pranaya Goyal,1,Swagat Salunke,,,,
Strawcture Eco,Building Material,Construction,Delhi,Delhi,"Strawcture Eco is to develop innovative, commercially viable products which mitigate the continuous depletion of natural resources.",—,—,2018,strawcture.com/,—,,01-Oct,1,Seed,"Mar 1, 2022","$ 3,75,000.00",Seed,"$ 3,75,000.00",Social Alpha,4,,Brigade Real Estate Accelerator Program (REAP),Villgro USA,Rahul Talwar,
OYE! Loans,Finance,Financial Services,Noida,Uttar Pradesh,A consumer-focused lending platform,—,Less than $1M,2017,www.oyeloans.com/,1,Pradeep Rathnam,Nov-50,1,—,"May 3, 2018","$ 22,50,000.00",Venture - Series Unknown,"$ 22,50,000.00",GAIN Credit,1,,,,,
Jiyyo,Health Care,Mobile Apps,Chandigarh,India,"Jiyyo upgrades existing Primary Health Centers via a low cost, sustainable and high-tech franchise model. Jiyyo operates 1200+ e-Clinics",—,—,"Oct 1, 2017",www.jiyyo.com/,3,Jahid Ali,",,",Nov-50,3,Seed,"Mar 10, 2021","$ 5,00,000.00",Seed,,—,,,,,
Inspire Co-Spaces,Commercial Real Estate,Coworking,Goregaon,Maharashtra,Inspire Co-Spaces is a co-working and flexible office space provider.,400097,$1M to $10M,2018,www.inspirecospaces.com/,2,Amit Sathe,Nov-50,1,Seed,"Jan 25, 2021","$ 40,00,000.00",Seed,"$ 40,00,000.00",Ashish Chandna,1,Nisshith Agarrwal,,,,
Pencilton,Education,Finance,Hyderabad,Andhra Pradesh,Pencilton is an interactive tools based on gamification and experiential learning start up.,—,—,2017,pencilton.com/,4,Ashish Singh,01-Oct,1,Seed,"Jul 27, 2021","$ 3,30,000.00",Pre-Seed,"$ 3,30,000.00",Jupiter,8,Pallavi Tipparaju,Kunal Sinha,Nilesh Patel,Vignesh Ramanujam,Ashish Sharma
TRANSO,Logistics,Railroad,Bengaluru,Karnataka,"Transo is a Sharing Economy IoT Platform for Trucking & Logistics that connects verified Truckers, Transporters, Fleet owners.",560038,—,"Jul 17, 2017",transo.in/,2,Aravind Appaji,Nov-50,1,Seed,"Feb 13, 2023","$ 10,00,000.00",Seed,"$ 10,00,000.00",Turbostart,1,Srikanth M.,,,,
Mister Veg,AgTech,Cooking,Faridabad,Haryana,"Mister Veg using specialized technology, produce items with the texture and flavor of the meat without sacrificing their nutritional value.",121004,—,2018,www.misterveg.com,—,,Nov-50,2,Seed,"Mar 17, 2023",—,Seed,"$ 5,70,000.00",Jubilant Ingrevia,1,,,,,
ENGGOnline,E-Learning,SaaS,Mumbai,Maharashtra,ENGGOnline is a SaaS-based platform for tutors/trainers with a unique pedagogy of experiential learning.,400086,$1M to $10M,2018,www.enggonline.com/,1,Naishadh Paleja,51-100,1,Seed,"Mar 1, 2022","$ 35,00,000.00",Seed,"$ 35,00,000.00",Prem Rajani,8,,Anurag Jain,Jayakumar N.,Sanjay Dangi,Kirti Doshi
dhiOmics Analytics Solutions,Analytics,Information and Communications Technology (ICT),Bengaluru,Karnataka,dhiOmics is a technology company enabling Businesses to make Data Drive Decisions,560102,—,"May 16, 2017",www.dhiomics.com,—,,01-Oct,1,M&A,"Mar 31, 2022","$ 90,000.00",Series A,"$ 90,000.00",,—,,,,,
GIFSKEY,Search Engine,,Hyderabad,Andhra Pradesh,GIFSKEY is a search engine for curated local content of GIF.,—,Less than $1M,2017,gifskey.com/,3,Mahesh Gogineni,01-Oct,1,Seed,"Feb 5, 2019","$ 10,00,000.00",Seed,"$ 10,00,000.00",AngelList,5,Manan Maheshwari,Whiteboard Capital,WEH Ventures,Kstart,Touchstone Ventures
Greenest,Alternative Protein,Food and Beverage,Delhi,Delhi,Greenest provides plant based protein food products.,—,—,2017,greenestfoods.com,—,,01-Oct,1,Seed,"Jun 30, 2022","$ 5,11,000.00",Pre-Seed,"$ 5,11,000.00",Better Bite Ventures,2,,Sachid Madan,,,
Technogram Solutions,Leisure,Tourism,Gurgaon,Haryana,Vision is to transform the travel industry by building cutting edge technology solutions  .,122002,—,2018,technogramsolutions.com/,2,Ashu Gupta,01-Oct,1,Seed,"Jun 26, 2018","₹ 5,00,00,000.00",Seed,"₹ 5,00,00,000.00",,—,Sanjay Khurana,,,,
WB Hotels & Resorts,Hotel,Resorts,Mumbai,Maharashtra,WB hotels' technology will solve budget hotels' real-time problems.,400072,—,2017,www.wbhotels.in,—,,101-250,1,Seed,"Sep 28, 2022","₹ 4,00,00,000.00",Seed,"₹ 4,00,00,000.00",,—,,,,,
Dvara Money,Financial Services,Insurance,Kormangala,Karnataka,Dvara Money provides neo wealth management services to the newly banked with a vision to empower them towards financial wellness.,560095,—,2018,dvaramoney.com/,1,Pramod Ghorpade,Nov-50,1,Seed,"Jul 6, 2021","$ 9,68,000.00",Seed,"$ 9,68,000.00",Omnivore,1,,,,,
The star in me,Information Services,Information Technology,Hyderabad,Andhra Pradesh,The star in me is a global career advancement platform for women and a diversity partner for organizations,500032,—,"Mar 9, 2018",thestarinme.com/,2,Mahua Mukherjee,Nov-50,1,Seed,"Aug 20, 2021","$ 4,00,000.00",Seed,"$ 4,00,000.00",DLabs,2,Uma Kasoji,MN2P Holdings LLC.,,,
Whizible,Information Services,Information Technology,Pune,Maharashtra,Whizible is a PSA - professional services automation and PPM - project enterprise management B2B SaaS platform for mid-market (250+) Teams,411038,$1M to $10M,2017,www.whizible.com/,1,Vishwas Mahajan,Nov-50,1,Seed,"Mar 30, 2022","$ 4,50,000.00",Pre-Seed,"$ 4,50,000.00",,—,,,,,
Biofi,Diabetes,Health Care,Bengaluru,Karnataka,Biofi is a manufacture of diabetes management devices.,—,—,"Jan 1, 2018",www.biofimed.com/,2,Pauldurai Shanmugam,01-Oct,1,Seed,"Apr 28, 2020","₹ 50,00,000.00",Seed,"₹ 50,00,000.00",IIT Mandi Catalyst,1,Ravikumar Rajendra Prasad,,,,
GarageWorks,Automotive,,Pune,Maharashtra,"GarageWorks is a doorstep service provider for two-wheelers - Convenient, Transparent, and Cost-Effective.",411003,—,2017,garageworks.in/,—,,Nov-50,1,Seed,"Mar 29, 2022","$ 10,00,000.00",Seed,"$ 10,00,000.00",Hiten Shah,6,,Gowri Narayanan,Ram Trichur,Abhijeet Kumar,Munendra Singh
Terra Food Co.,Food and Beverage,Food Processing,Ahmedabad,Gujarat,Terra Food Co. is a cloud kitchen that provides food service and order food online.,—,$1M to $10M,2017,www.terrafood.co.in,—,,51-100,1,Seed,"Jul 28, 2023","$ 8,00,000.00",Seed,"$ 8,00,000.00",LetsVenture,6,,ah! Ventures,The Chennai Angels,Faad Network,Twin & Bull
Seconize,Artificial Intelligence (AI),Cloud Security,Bangalore,Karnataka,Seconize is a continuous and contextual cyber risk and compliance management platform.,—,—,2017,seconize.co/,2,Chethan Anand,Nov-50,2,Seed,"Mar 15, 2022","A$ 50,000.00",Pre-Seed,"A$ 50,000.00",CyRise,2,Sashank Dara,HPE Digital Catalyst Program,,,
Chariot Tech,Internet of Things,Telecommunications,New Delhi,Delhi,Chariot Tech is an Internet of Things (IoT) startup based in New Delhi.,110049,—,Feb-17,www.chariotco.in/,2,Nilay Mehrotra,01-Oct,1,Seed,"Apr 12, 2018","₹ 2,00,00,000.00",Seed,"₹ 2,00,00,000.00",GEMS Partner,1,Raj Garg,,,,
91Squarefeet,Business Development,Retail,Gurgaon,Haryana,91Squarefeet is a retail design and development company that helps offline businesses scale up.,122003,—,2018,www.91squarefeet.com,3,Amit Bansal,101-250,4,Early Stage Venture,"Sep 9, 2022","$ 1,00,00,000.00",Series A,"$ 1,20,00,000.00",Titan Capital,10,Amit Mishra,Y Combinator,Pioneer Fund,Stellaris Venture Partners,Quarry
CityCash,Finance,Financial Services,Mumbai,Maharashtra,CityCash is a financial technology company bringing state-of-the-art technologies.,—,—,"Jan 1, 2017",www.citycash.in,1,Vineet Toshniwal,Nov-50,1,Seed,"Aug 11, 2020","$ 10,00,000.00",Seed,"$ 10,00,000.00",Orios Venture Partners,1,,,,,
Is Going Online,E-Commerce,Retail,Kochi,Kerala,"Is Going Online, is a rapid digitization and webstore creation tool.",—,—,2017,isgoing.online/,1,Eobin George,01-Oct,2,Seed,"Aug 25, 2021","$ 2,00,000.00",Seed,"$ 2,00,000.00",Seafund,5,,Platform Calgary,Artha Group,Unicorn India Ventures,Devdutt Shah
SprintAI,Artificial Intelligence (AI),Computer,Bangalore,Karnataka,SprintAI is an enterprise AI company.,560001,—,2018,www.getsprint.ai/,3,Ankit Jain,Nov-50,2,Seed,"Jan 1, 2020",—,Seed,"$ 5,00,000.00",Y Combinator,8,Ankit Jain,Piyush Shah,Sachin Maheshwari,Amiya Pathak,Amit Chand
Digital Brolly,Advertising,Digital Marketing,Hyderabad,Andhra Pradesh,"Digital Brolly is the best Digital Marketing Training Institute in Kukatpally, Hyderabad.",500072,—,"Aug 25, 2017",digitalbrolly.com/,2,Madhan Mohan Tammineni,Nov-50,1,Early Stage Venture,"Dec 29, 2017","$ 7,00,000.00",Series A,"$ 7,00,000.00",,—,Ravi Varma,,,,
Zini,Artificial Intelligence (AI),Health Care,New Delhi,Delhi,Zini is an AI-powered multilingual virtual physician.,110024,$1M to $10M,2017,www.zini.ai,1,Rohit Sharma,101-250,3,Seed,"Oct 28, 2021",—,Seed,"₹ 25,00,000.00",Software Technology Parks of India,2,,Solarus Group,,,
Melzo,Augmented Reality,Information Technology,Surat,Gujarat,"Melzo is Redefining Business-to-People and People-to-People interactions, via use of VR / AR / Hologram.",—,$1M to $10M,"Mar 1, 2017",melzo.com/,2,Hardik Desai,Nov-50,1,Seed,"May 1, 2020","$ 5,38,485.00",Seed,"$ 5,38,485.00",,—,Khagesh Desai,,,,
LegalMind,Analytics,Information Technology,Delhi,Delhi,"An AI-powered Research, Analytics and Strategy Building platform for legal professionals.",110017,—,"Mar 2, 2018",legalmind.tech/,3,Anubhav Mishra,01-Oct,1,Seed,"Nov 28, 2020","₹ 50,00,000.00",Pre-Seed,"₹ 50,00,000.00",,—,Arpit Jain,,,,
Keeros,Food and Beverage,Food Delivery,Lucknow,Uttar Pradesh,Keeros is a healthy snacks brand.,226010,$1M to $10M,2017,keeros.in/,2,Sachin Sahni,01-Oct,2,Seed,"Jul 26, 2021",—,Seed,"$ 4,37,668.00",Venture Catalysts,5,Simran Sahni,Saurav Dasgupta,Sandeep Zutshi,Rekha Singh,Sandeep Jain
Easy to Pitch,Financial Services,,New Delhi,Delhi,Easy to Pitch is one of the fastest-growing and one-stop pitching solutions for startup fundraising consultant.,110055,—,2017,easytopitch.com/,—,,01-Oct,2,Seed,"Jan 1, 2023",—,Seed,"₹ 1,00,00,000.00",Venture Catalysts,3,,Sprint Vc,JPIN Venture Catalysts,,
Finline,Financial Services,,Thiruvananthapuram,Kerala,Finline is platform  for entrepreneurs and professionals to create financial documents forfunding,695582,—,"Feb 23, 2017",www.finline.in,2,Hari Sasi,01-Oct,1,Seed,"Oct 6, 2019","₹ 25,00,000.00",Seed,"₹ 25,00,000.00",100X.VC,1,James Dominic,,,,
UNI,Architecture,B2C,New Delhi,Delhi,A collaborative platform for creative people to solve challenging design problems.,DE19703,$100M to $500M,"Jan 15, 2018",uni.xyz,2,Abhishek Sorampuri,Nov-50,3,Seed,"Apr 15, 2021","$ 3,00,000.00",Seed,"$ 4,30,000.00",,—,Krishna Sirugudi,,,,
BluSapphire,Computer,Cyber Security,Hyderabad,Andhra Pradesh,BluSapphire Technologies is the first and only unified cyber defense platform with intelligent response automation.,—,$1M to $10M,"Apr 12, 2017",www.blusapphire.com/,1,Kiran Kumar Vangaveti,Nov-50,1,Early Stage Venture,"Oct 27, 2022","$ 92,00,000.00",Series A,"$ 92,00,000.00",xto10x Technologies,5,,Dallas Venture Capital,RPG Ventures,Baring Private Equity India,Merisis Venture Partners
AutoMony,Finance,,Mumbai,Maharashtra,AutoMony is a vehicle financing company.,—,Less than $1M,2018,www.automony.in/,2,Rishab Bafna,Nov-50,1,Early Stage Venture,"Mar 11, 2020","$ 30,00,000.00",Series A,"$ 30,00,000.00",Sundaram Finance,2,Shirish Godbole,Asha Impact,,,
Innomaint,SaaS,Software,Chennai,Tamil Nadu,"InnoMaint is a CMMS software that Monitor, Measure and Manage all your maintenance activities.",600045,—,"Mar 3, 2017",www.innomaint.com/,—,,Nov-50,1,Early Stage Venture,"Jul 14, 2017","$ 9,24,000.00",Series A,"$ 9,24,000.00",,—,,,,,
AOTOM TECHNOLOGY,Consulting,Drones,Nagpur,Maharashtra,"SAAS, Salesforce, Cloud Computing, Data Science",440027,—,2018,aotom.in/,1,Krunal Kalbende,01-Oct,1,Seed,"Feb 2, 2021","$ 1,00,000.00",Pre-Seed,"$ 1,00,000.00",Krunal Kalbende,1,,,,,
AutomataPi,Business Process Automation (BPA),Industrial Automation,Powai,Assam,AutomataPi is a next generation cognitive business process automation engine.,—,—,2017,www.automatapi.com,2,Manjeet Khopkar,Nov-50,1,Seed,"Feb 8, 2021","$ 4,11,165.00",Seed,"$ 4,11,165.00",Indian Angel Network,1,Rahul Hattangdi,,,,
Caymus Technology Ventures,Education,Information Technology,Mumbai,Maharashtra,Caymus Technology Ventures Provides skilling platform to graduates & professionals.,400001,—,2018,caymus.tech/,2,Jigar K Shah,01-Oct,1,Seed,"Jul 1, 2019","₹ 1,20,00,000.00",Angel,"₹ 1,20,00,000.00",Rob Solomon,1,Kavita Mehta,,,,
aeth Analytica,Analytics,Artificial Intelligence (AI),Bangalore,Karnataka,"Data Analytics, SaaS, Retail, Retail analytics, Edtech",560071,—,"Jul 27, 2017",aethanalytica.com/,1,Harikumar K T,Nov-50,1,Seed,"Dec 6, 2018","₹ 8,00,000.00",Seed,"₹ 8,00,000.00",,—,,,,,
Great Manager Institute,Association,Education,Mumbai,Maharashtra,Global institute dedicated to empowering Managers & Leaders,—,—,"Jan 1, 2018",www.greatmanagerinstitute.com/,3,Ashwin Srivastava,01-Oct,2,Seed,"Dec 29, 2021","$ 2,70,000.00",Angel,"$ 5,53,000.00",Bala Malladi,6,Dalreen Patrao,Ajay Kaul,Srikanth Karra,Suresh Surana,Sanjay Mehta
BlueCircle,Communities,Professional Networking,Gurgaon,Haryana,BlueCircle is a Green Jobs & Learning Network that brings together professionals & recruiters to exchange opportunities in green sectors,122002,$1M to $10M,"Nov 8, 2017",thebluecircle.co/,2,Goutam anand,01-Oct,1,Seed,"Mar 14, 2023","$ 5,50,000.00",Angel,"$ 5,50,000.00",,—,Siddharth Anand,,,,
Genetico Research & Diagnostics,Biotechnology,Health Care,Delhi,Delhi,Genetico Research & Diagnostics is developing a specialised health-IT system for institutes engaged in diagnosis of genetic diseases.,—,—,2018,genetico.in/,1,Arjun Gupta,Nov-50,1,Seed,"Apr 28, 2020","₹ 20,00,000.00",Seed,"₹ 20,00,000.00",IIT Mandi Catalyst,1,,,,,
BeAble Health,Electronics,Health Care,Hyderabad,Andhra Pradesh,"BeAble Health offers ArmAble, a neuro-rehabilitation device that aims to help stroke victims and people with Cerebral Palsy.",502285,—,2017,www.beablehealth.com/,2,Habib Ali,01-Oct,2,Seed,"Dec 6, 2019","₹ 25,00,000.00",Seed,"₹ 50,00,000.00",Villgro,2,Sreehari K.G,Department of Science and Technology,,,
BeautiCo,Beauty,Cosmetics,Ahmedabad,Gujarat,BeautiCo is a brand that believes in keeping our skin healthy through the use of natural ingredients.,380006,—,2018,www.thebeautyco.in/,1,Suraj Vazirani,Nov-50,1,Seed,"Jan 1, 2019","$ 6,50,000.00",Seed,"$ 6,50,000.00",Venture Catalysts,1,,,,,
Kirana247,Consumer Goods,E-Commerce,Delhi,Delhi,Kirana247 is a wholesale distributor of consumer goods for various businesses.,110020,$1M to $10M,2018,www.kirana247.com,2,Pankhuri Jiwarajka,Nov-50,2,Seed,"Aug 23, 2021","$ 10,00,000.00",Seed,"$ 20,00,000.00",,—,Tarun Jiwarajka,,,,
Gobasco,AgTech,Analytics,New Delhi,Delhi,Employ real-time data analytics on data-streams.,—,$1M to $10M,2017,gobasco.com/,3,Abhishek Sharma,01-Oct,1,Seed,"Nov 2, 2017","$ 15,00,000.00",Seed,"$ 15,00,000.00",Matrix Partners India,1,Pranshu Aditya,,,,
MotoFlux,Automotive,E-Commerce,Gurgaon,Haryana,Motorcycle e-commerce store,122016,—,"Aug 11, 2017",www.motoflux.com,1,Vijay Chhikara,Nov-50,2,Private Equity,"Sep 10, 2021","₹ 60,00,000.00",Private Equity,"₹ 2,10,00,000.00",Vijay Chhikara,1,,,,,
Tranzmeo,Artificial Intelligence (AI),Business Intelligence,Kakkad,Kerala,Tranzmeo offers a complete comprehensive anomaly forensic solution with actionable Insights.,682303,—,"Jun 20, 2017",tranzmeo.com,1,Safil Sunny,Nov-50,3,Seed,"Dec 27, 2018","$ 1,40,000.00",Pre-Seed,"$ 1,87,000.00",Kerala Startup Mission,2,,Hindustan Petroleum Corporation Limited,,,
Salesrobot,,,Delhi,Delhi,Sales automation platform for B2B sales teams,110093,—,"Feb 7, 2017",salesrobot.co,—,,Nov-50,1,Seed,"Mar 4, 2017","$ 1,00,000.00",Pre-Seed,"$ 1,00,000.00",,—,,,,,
Autostop Solution,Automotive,,Delhi,Delhi,Autostop's goal is to make you attain nirvana by delivering worry-free and convenient Car Servicing Solution at rock bottom prices.,110094,—,"Mar 12, 2018",www.autostopsolution.com,2,Aftaab Ali,Nov-50,2,Seed,"Aug 22, 2021","₹ 78,00,000.00",Seed,"₹ 84,00,000.00",,—,Hasnain Ali,,,,
Droni Tech,Information Technology,Software,Mumbai,Maharashtra,Droni Tech manufacture UAVs and develop software to service a range of industry requirements.,400063,$1M to $10M,2018,www.dronitech.com/,4,Anisha Bhosle,01-Oct,1,Seed,"Sep 1, 2018","₹ 3,50,00,000.00",Seed,"₹ 3,50,00,000.00",Eagle Group,1,Chirag Patel,,,,
Wellcure,Fitness,Health Care,Haryana,India,Wellcure is a health tech platform aiming to democratize natural healing.,122011,$1M to $10M,2018,www.wellcure.com/,4,Ankur Bhatia,",,,",01-Oct,1,Seed,"Jul 29, 2020","$ 2,00,000.00",Seed,Inflection Point Ventures,,,,,,
ParkSmart,Apps,Automotive,New Delhi,Delhi,ParkSmart is a parking management application.,—,—,"Jan 1, 2018",www.parksmart.in/,5,Prateek Garg,01-Oct,2,Seed,"May 16, 2021",—,Seed,"₹ 1,50,00,000.00",ah! Ventures,5,Rahul Gupta,Campus Fund,Marwari Angels,Dilesh Gathani,Shireen Rangaswamy
Goofy Tails,Nutrition,Pet,Delhi,Delhi,Goofy Tails is a premium pet supplies company.,110020,—,2018,goofytails.com/,—,,Nov-50,1,Seed,"Oct 10, 2022","$ 5,00,000.00",Seed,"$ 5,00,000.00",The Chennai Angels,2,,BeyondSeed,,,
HomeZop,Property Development,Real Estate,Gurgaon,Haryana,Homezop is a property development real estate company that builds and sells homes.,122003,—,"Jan 18, 2017",homezop.com/,2,Anish Gomez,Nov-50,1,Seed,"Apr 27, 2017","$ 70,000.00",Pre-Seed,"$ 70,000.00",,—,Prateek Rathee,,,,
Selltm (acquired by Snapdeal),B2B,E-Commerce,Gurgaon,Haryana,India's Fastest Growing Social Commerce for Digital Services and Physical Products. Acquired by Snapdeal in September 2019,—,$1M to $10M,Jan-18,www.selltm.com,2,Prakhar Saxena,Nov-50,1,Seed,"Apr 1, 2018","$ 5,00,000.00",Seed,"$ 5,00,000.00",India Quotient,1,Rohan Thakur,,,,
Wehouse,Architecture,Construction,Hyderabad,Andhra Pradesh,Wehouse is a tech-based aggregator of construction services.,500 034,—,2017,www.wehouse.in,1,Sripad Nandiraj,51-100,1,Seed,"May 15, 2022","$ 10,00,000.00",Seed,"$ 10,00,000.00",Anthill Ventures,1,,,,,
Payzello,Banking,Financial Services,Hyderabad,Andhra Pradesh,"Payzello is a mobile-first bank account, credit and payment solution provider.",500032,—,2017,payzello.com/,2,Pruthiraj Rath,Nov-50,4,Seed,"Aug 15, 2021","$ 5,00,000.00",Seed,"$ 6,17,000.00",Vel Kanniappan,2,Thomas George,Anand Nagloor,,,
infoMicroFin,Artificial Intelligence (AI),Financial Services,Chennai,Tamil Nadu,infoMicroFin is a SaaS Banking Platform that delivers digital finance solutions for any financial Institution.,600015,—,Aug-17,infomicrofin.com/,2,Anoop Mohan,01-Oct,2,Seed,"Jul 19, 2018","₹ 15,00,000.00",Seed,"₹ 45,00,000.00",WhileOfOne Innovation Labs,1,Santhosh Kumar,,,,
PrimeOS,Software,,Delhi,Delhi,PrimeOS is the ideal Android based OS for mobile games on PC/Laptop.,—,—,2017,www.primeos.in/,—,,01-Oct,2,Seed,"Dec 1, 2022","$ 10,00,000.00",Seed,"$ 10,00,000.00",Venture Catalysts,7,,Kundan Refinery,Vikas Kapoor,Brindavan Group,Yogesh Chaudhary
Foore,Enterprise Software,Marketing Automation,Bangalore,Karnataka,Customer Messaging Platform for Brick and Mortar Businesses.,560017,$1M to $10M,Feb-18,www.foore.in,1,Ravinder Singh,01-Oct,1,Seed,"Feb 6, 2018","₹ 45,00,000.00",Pre-Seed,"₹ 45,00,000.00",,—,,,,,
QTalk,Apps,Mobile Apps,Bengaluru,Karnataka,QTalk is a smart dialer designed to make any phone conversations fun and stress-free.,—,$1M to $10M,"Jan 1, 2018",www.qtalk.io,2,Advaith Vishwanath,Nov-50,1,Seed,"Mar 7, 2020","$ 16,00,000.00",Seed,"$ 16,00,000.00",Lightspeed India Partners,2,Sagar Modi,Accel India,,,
BhaiFi - 360° WiFi Solution,B2B,Information Technology,Gurgaon,Haryana,BhaiFi is an IT product based startup company.,122003,—,"Dec 6, 2017",bhaifi.com/,1,Ankit Verma,01-Oct,1,Seed,"Mar 19, 2018","$ 60,000.00",Pre-Seed,"$ 60,000.00",,—,,,,,
Carragreen,Manufacturing,,Indore,Madhya Pradesh,Carragreen provides eco-friendly alternatives for food packaging and stationery products.,—,—,2018,carragreen.com/,—,—,,,https://www.crunchbase.com/search/people/field/organization.companies/num_employees_enum/carragreen,1,Seed,https://www.crunchbase.com/search/funding_rounds/field/organization.companies/last_funding_at/carragreen,https://www.crunchbase.com/search/funding_rounds/field/organization.companies/last_funding_total/carragreen,https://www.crunchbase.com/search/funding_rounds/field/organization.companies/last_funding_type/carragreen,https://www.crunchbase.com/person/anupam-mittal,https://www.crunchbase.com/search/principal.investors/field/organization.companies/num_investors/carragreen,,",",https://www.crunchbase.com/person/peyush-bansal,
CaroCure Discovery Solutions Private Limited,Artificial Intelligence (AI),Biotechnology,Hyderabad,Andhra Pradesh,CaroCure is a rational drug discovery company employing innovative technologies to design and create best-in-class drug candidates,500 101,$1M to $10M,"Dec 20, 2017",carocure.com/,1,Kranthi Raj Kodamala,01-Oct,1,Seed,"May 20, 2019","$ 7,00,000.00",Seed,"$ 7,00,000.00",Murali Chand Ginjupalli,1,,,,,
Opfin,Human Resources,Outsourcing,Gurgaon,Haryana,"Opfin is a best payroll software, payroll companies for small business",—,—,2017,www.opfin.com/,1,Anuj Jain,01-Oct,1,M&A,"Aug 19, 2014","$ 1,20,000.00",Seed,"$ 1,20,000.00",Y Combinator,1,,,,,
MentorMind,E-Learning,Education,Hyderabad,Andhra Pradesh,MentorMind is an online platform where students & young professionals can access & work on real-time work situations.,500033,—,2017,www.mentormind.in/,4,Luvieen Alva,Nov-50,2,Seed,"Jul 22, 2021",—,Seed,"$ 1,15,300.00",Village Capital,2,Megha Gajjala,Axilor Ventures,,,
Saarthi.ai,Analytics,Artificial Intelligence (AI),Bangalore,Karnataka,Omnichannel Multilingual Enterprise AI platform maximizing success in lending and collections through personalized communication.,560103,—,"Feb 1, 2017",saarthi.ai,4,Piyush Dangaich,51-100,3,Seed,"Jul 1, 2022",—,Seed,—,Microsoft,10,Sameer Sinha,LetsVenture,NASSCOM Foundation,Nvidia Inception,Kunal Shah
Prithvi.ai,Artificial Intelligence (AI),Data Mining,Noida,Uttar Pradesh,Prithvi.ai is a seed stage accelerator program.,201301,—,2018,prithvi.ai/,2,Himanshu Ujjawal Singh,01-Oct,2,Seed,"Sep 15, 2019","₹ 1,00,00,000.00",Seed,"₹ 1,00,00,000.00",India Accelerator,1,Nandan Mishra,,,,
Bootstart,Coworking,Hospitality,Pune,Maharashtra,"Bootstart Co-working will support you with a modern, pleasant, and above all a favorable co-working space.",411001,—,"Mar 24, 2017",www.bootstart.in,4,Abhiraj Kulkarni,Nov-50,2,Private Equity,"Dec 1, 2020","$ 10,00,000.00",Private Equity,"$ 18,00,000.00",,—,Atul Shinde,,,,
Vidcare Innovations,Health Care,,Pune,Maharashtra,"Vidcare Innovations is a startup that develops portable health tests to make diagnostic testing convenient, accessible to everyone.",—,—,"Jul 19, 2017",www.vidcare.in,1,Rohan Aggarwal,01-Oct,2,Seed,"Aug 25, 2022","$ 3,00,000.00",Pre-Seed,"$ 3,00,000.00",JioGenNext,4,,Social Alpha,Derbi Foundation,Lavni Ventures,
ChintaMoney,iOS,,Bangalore,Karnataka,"ChintaMoney is a mobile application that enables a person to segregate, save, invest and spend money for different purposes.",560010,$1M to $10M,"Oct 11, 2017",chinta.money,2,Narahari Rao,01-Oct,3,Seed,"Dec 4, 2021",—,Pre-Seed,"$ 1,20,000.00",Techstars,3,Uday Wagh,Startupbootcamp Australia,Vaibhav Sisinty,,
The Krishi,Agriculture,Education,Gurgaon,Haryana,The Krishi is an AI-based mobile app that educating farmers about modern agricultural practices.,122010,—,2018,www.krishinetwork.com,1,Ashish Mishra,Nov-50,4,Seed,"Feb 10, 2022","$ 5,71,000.00",Seed,"$ 7,82,272.00",TiE SoCal Angels,2,,Pankaj Tripathi,,,
Aadar,Fitness,Health Care,Mumbai,Maharashtra,Aadar is an Ayurveda Healthcare company building in-house natural and effective products.,—,—,2018,aadar.co/,2,Aadil Shah,01-Oct,1,Seed,"Jan 11, 2020","$ 2,50,000.00",Seed,"$ 2,50,000.00",LetsVenture,3,Pratul Mangal,Sprout Venture Partners,Robert Finzi,,
HostGoi,Web Hosting,,Jalpaiguri,West Bengal,HostGoi provides simple and fast Cloud Hosting services with real 24/7/365 technical support.,735306,$1M to $10M,2017,www.hostgoi.com,2,Debojyoti Sen,01-Oct,1,Seed,"Jan 3, 2018","$ 50,00,000.00",Seed,"$ 50,00,000.00",,—,Jay Prakash,,,,
Niveshi - Invest like the Experts,Artificial Intelligence (AI),Financial Services,New Delhi,Delhi,Niveshi is an AI powered investment fund.,110034,—,2018,niveshi.com/,2,Deepender Singla,01-Oct,1,Seed,"Oct 1, 2018","₹ 20,00,000.00",Pre-Seed,"₹ 20,00,000.00",Anupam Mittal,2,Rahul Goyal,Ritesh Jain,,,
Happy Cow Dairy,Agriculture,Farming,Mumbai,Maharashtra,Happy Cow Dairy is a startup which aggregates milk from dairy farmers in rural Maharashtra.,—,—,2017,happycowdairy.co.in,1,Sarad Garodia,251-500,1,Seed,"Apr 27, 2018","₹ 5,97,756.00",Seed,"₹ 5,97,756.00",Mahendra Mehta,1,,,,,
Expand My Business,Apps,Consulting,Gurgaon,Haryana,Expand My Business is India's first managed marketplace for B2B digital services.,122016,—,"Jan 1, 2018",www.exmyb.com,2,Nishant Behl,51-100,1,Seed,"Feb 4, 2021",—,Seed,—,Campus Fund,2,Rohan Raj Barua,Bharat Dhirajlal Shah,,,
Pivotchain Solutions,Computer,Machine Learning,Pune,Maharashtra,PivotChain is a Data science company.,411014,$1M to $10M,2017,www.pivotchain.com/,1,Deepak Rao,Nov-50,2,Seed,"Aug 10, 2019",—,Seed,"$ 2,94,000.00",Startup-O,1,,,,,
EpitronX,Human Resources,Staffing Agency,Madurai,Tamil Nadu,Human Resources Talent Partner,625016,—,2018,www.epitronx.tech,2,Balagurunathan Navanathan,Nov-50,2,Seed,"Jan 1, 2022","₹ 75,00,000.00",Seed,"₹ 1,25,00,000.00",Balagurunathan Navanathan,2,Sriram Srinivasadesikan,Sriram Srinivasadesikan,,,
Azah,Consumer Goods,Health Care,Delhi,Delhi,"Azah,is a premium organic wellness startup for women",110058,—,2018,azah.in/,2,Aqib Mohammed,01-Oct,2,Seed,"Dec 18, 2019",—,Seed,"$ 2,00,000.00",Titan Capital,1,Shashwat Diesh,,,,
Jetbrain Robotics,Health Care,Hospital,Gurgaon,Haryana,"Jetbrain Robotics is a Hong Kong / Gurgaon based company, building advanced robotic transportation solutions for multi speciality hospitals.",122001,$1M to $10M,"Mar 21, 2018",jetbrain.ai,3,Adam Steinhoff,Nov-50,2,M&A,"Nov 30, 2018","$ 1,50,000.00",Pre-Seed,"$ 1,80,000.00",Brinc,1,Ajay Vishnu,,,,
Shadez,Chemical,Home Decor,Mumbai,Maharashtra,Shadez which promises to deliver interior painting job in one day.,—,$1M to $10M,2018,paintwithshadez.com/,2,Adarsh Anand,01-Oct,2,Seed,"Sep 15, 2021","$ 2,00,000.00",Seed,"$ 3,00,000.00",Inflection Point Ventures,1,Amit Tiwari,,,,
IndigoLearn,E-Learning,Education,Hyderabad,Andhra Pradesh,India's the premier education destination catering to the needs of aspiring students of the CA community.,—,Less than $1M,Mar-17,www.indigolearn.com,4,Sarat Velumuri,Nov-50,2,Seed,"Jan 18, 2019","$ 1,35,000.00",Angel,"$ 2,85,000.00",Maheshwer Peri,4,Sathya Raghu Mokkapati,Jamshed Jeejeebhoy,Vivek Subramanian,Girish Vyasamudri,
Policy Ensure,Auto Insurance,Health Insurance,Gurgaon,Haryana,"With the aim of making India independent and secured, increase employment and being a catalyst for the growth of small towns",122001,—,"Jan 1, 2017",policyensure.com/,2,Pankaj Vashishtha,1001-5000,1,Seed,"Apr 1, 2017","$ 12,50,000.00",Seed,"$ 12,50,000.00",,—,RAHUL MEENA MISHRA,,,,
Econolytics,Analytics,Machine Learning,New Delhi,Delhi,Econolytics is simple and driven to make the most efficient data analytic marketplace.,110017,—,2018,www.econolytics.in,2,Jahnavi Mahanta,01-Oct,2,Seed,"Apr 1, 2019","₹ 5,00,000.00",Seed,"$ 37,225.00",Zone Startups In,1,Pritha Datta,,,,
Grufity,Analytics,Financial Services,Bangalore,Karnataka,Grufity is an one-stop destination for financial data and analysis.,—,—,"Jan 1, 2017",www.grufity.com/,—,,01-Oct,2,Seed,"Aug 1, 2019","₹ 2,07,00,000.00",Pre-Seed,"₹ 2,71,00,000.00",Venture Highway,1,,,,,
Sunlom Technologies Private Limited,GPS,Location Based Services,Delhi,Delhi,At Sunlom Technologies Pvt. Ltd. we try to help Tracking technology reach end customers and let them make the most out of it.,110071,$1M to $10M,2018,www.trackyoursawari.com/,1,Sandeep Shokeen,01-Oct,1,Early Stage Venture,"Feb 1, 2018","₹ 2,00,00,000.00",Series A,"₹ 2,00,00,000.00",,—,,,,,
Dockabl,SaaS,Software,New Delhi,Delhi,"Dockabl enhances productivity, enables continuous performance, and drives engagement in an effective way.",—,$1M to $10M,"Apr 11, 2017",www.dockabl.com/,2,Samarth Masson,Nov-50,1,M&A,"Jun 6, 2019","$ 12,60,000.00",Seed,"$ 12,60,000.00",Aditya Berlia,4,Sanjeev Grover,Angad Singh,Sanjay Kapoor,Arun Kapur,
Dream Holdings,Agriculture,AgTech,Jaipur,Rajasthan,"Dreamholdings Company, dealing primarily in Real-Estate.",302 001,Less than $1M,2017,www.dreamholdings.in/,2,Ashish Sharma,01-Oct,1,—,"May 17, 2017","$ 3,43,01,639.00",Venture - Series Unknown,"$ 3,43,01,639.00",,—,Guy Blanchard,,,,
Aantriksh,Aerospace,Space Travel,Bengaluru,Karnataka,"A Space exploration, technology, innovation, & education company.",—,$1M to $10M,"Jul 7, 2017",antrikshh.my-free.website/,1,Ankit Kumar,Nov-50,2,Private Equity,"Jul 14, 2018","₹ 1,20,00,000.00",Private Equity,"₹ 2,05,00,000.00",Ankit Kumar,1,,,,,
Invincible Publishers,EdTech,Education,Gurgaon,Haryana,"Book Publishing, eLearning, SAAS",122022,—,"Apr 1, 2017",www.invinciblepublishers.com,2,Ajay Setia,51-100,1,Seed,"Sep 10, 2021","$ 7,00,000.00",Pre-Seed,"$ 7,00,000.00",High Net worth Investor,1,Sagar Setia,,,,
Raw Nature,Cosmetics,,Mumbai,Maharashtra,Raw Nature is a grooming products company.,400022,$1M to $10M,2017,www.rawnaturecompany.com,2,Mohit Saxena,Nov-50,1,Seed,"Nov 1, 2019","$ 3,60,000.00",Seed,"$ 3,60,000.00",Venture Catalysts,1,Sangita Desai,,,,
Oga,Media and Entertainment,,Bangalore,Karnataka,Building the world's best dance app.,—,—,Mar-17,oga.so/,1,Ashish Rawat,Nov-50,5,Seed,"Jan 1, 2022",—,Seed,"$ 11,80,000.00",Inflection Point Ventures,8,,9Unicorns Accelerator Fund,SARVA,Joyance Partners,Mitesh Shah
MetroMedi,Health Care,Pharmaceutical,Hyderabad,Andhra Pradesh,Metromedi is an Online Pharmacy and e-health store.,500082,$1M to $10M,2018,www.metromedi.com/,1,Maruthi Medisetti,101-250,1,Seed,"Oct 3, 2019","$ 15,00,000.00",Seed,"$ 15,00,000.00",TK GP Rao,1,,,,,
Couch Fashion - The AI Fashion Assistant,Artificial Intelligence (AI),E-Commerce,Delhi,Delhi,CouchFashion is an A.I. Fashion Assistant. The answers given by the bot are always personalized to users body type and other preferences.,—,—,Feb-17,deck.couchfashion.com/,4,Arenla Jamir,01-Oct,1,Seed,"Feb 23, 2021","$ 1,50,000.00",Seed,"$ 1,50,000.00",We Founder Circle,2,Kushal Likhi,Dholakia Ventures,,,
DolphinChat,Artificial Intelligence (AI),Government,New Delhi,Delhi,"DolphinChat is a social intelligence organisation, working to revolutionize, how governments and citizens share and utilize data.",110064,Less than $1M,"Sep 5, 2017",www.civilcops.com,3,Ashish Sharma,01-Oct,5,M&A,"Dec 1, 2020",—,Seed,"$ 3,43,700.00",SOSV,5,Kusha Kohli,Startupbootcamp,Agility Ventures,Dhianu Das,Guerrilla Ventures
Edisn.ai,Artificial Intelligence (AI),Computer,Bangalore,Karnataka,Edisn.ai is an AI powered fan engagement platform with state-of-the-art player recognition and contextual content delivery,560038,—,2018,edisn.ai/,2,Akshay Chandrasekhar,01-Oct,2,M&A,"Feb 21, 2021",—,Seed,"$ 70,000.00",Techstars,2,Ashok Karanth,Spark Growth Ventures,,,
UrbanDart,B2B,Consulting,Hyderabad,Andhra Pradesh,"UrbanDart is an All-in-One business platform for SMBs that helps them automate, digitize and expand their business.",—,$1M to $10M,"Jun 15, 2017",www.urbandart.com,—,1,Nithin Baalay,Nov-50,2,https://www.crunchbase.com/search/funding_rounds/field/organization.companies/num_funding_rounds/urbandart,"Aug 31, 2018","$ 1,55,000.00",Angel,"$ 2,10,900.00",—,https://www.crunchbase.com/search/organizations/field/organization.companies/revenue_range/r_00001000,,,,
SnackAmor,Food and Beverage,Food Processing,Mumbai,Maharashtra,SnackAmor is a healthy snack maker.,400072,$1M to $10M,2017,snackamor.com/,1,Deepak Grover,01-Oct,3,Seed,"Aug 19, 2021",—,Seed,"$ 10,00,000.00",VANS Investments,8,,Tarek Sadi,Srinivas Chunduru,Simmarpal Singh,Sanchit Agarwal
Loca,Internet,Travel,Bangalore,Karnataka,Loca is a smart shuttle Bengaluru based company.,560076,—,2018,www.locarides.com/,1,Gautam Patil,Nov-50,1,Seed,"Oct 23, 2019","$ 10,00,000.00",Seed,"$ 10,00,000.00",Fosun RZ Capital,5,,Stellaris Venture Partners,Rohit M.A.,Aprameya Radhakrishna,Mayank Bidawatka
NOFILTR,,,Maharashtra,India,"Social Media, Influencer Marketing, Travel & Lifestyle",400018,—,2017,www.nofiltr.social,3,Prashant Sharma,",,",101-250,2,Early Stage Venture,"Nov 26, 2018","$ 3,00,000.00",Series A,,—,,,,,
Vrizm,Augmented Reality,Gaming,Ahmadabad,Gujarat,Vrizm is dedicated to Virtual Reality and strives to make the technology simplified and available for masses.,—,—,"Jan 1, 2017",www.vrizm.com,1,Deep Patel,01-Oct,1,Seed,"Apr 14, 2022","$ 21,00,000.00",Seed,"$ 21,00,000.00",,—,,,,,
GoAid,Health Care,Medical,Delhi,Delhi,GoAid is India’s first and fastest ambulance service app with a whopping 1 Million+ customers. Currently Available in 15+ cities,—,—,"Jan 1, 2018",www.goaid.in,—,https://www.crunchbase.com/search/people/field/organization.companies/num_founders/goaid,https://www.crunchbase.com/person/rakesh-kumar-15a9,https://www.crunchbase.com/search/people/field/organization.companies/num_employees_enum/goaid,https://www.crunchbase.com/search/funding_rounds/field/organization.companies/num_funding_rounds/goaid,Seed,https://www.crunchbase.com/search/funding_rounds/field/organization.companies/last_funding_at/goaid,https://www.crunchbase.com/search/funding_rounds/field/organization.companies/last_funding_total/goaid,https://www.crunchbase.com/search/funding_rounds/field/organization.companies/last_funding_type/goaid,https://www.crunchbase.com/search/funding_rounds/field/organization.companies/funding_total/goaid,,",",—,,,
Trodly,E-Commerce,Internet,Bangalore,Karnataka,"Trodly is a trusted online platform for people to discover and book exciting activities, tours and experience for their trips.",560048,$1M to $10M,"Jan 5, 2018",www.trodly.com,2,Ankit Jindal,Nov-50,1,Seed,"Sep 1, 2018","$ 25,000.00",Pre-Seed,"$ 25,000.00",,—,Vikas Johiya,,,,
Z2P,Apps,Financial Services,Mumbai,Maharashtra,Credit-analysis and micro-loans to people based on proprietory credit algorithms based on machine learning.,400098,—,"Feb 14, 2017",z2p.today,1,Rajat Yadav,Nov-50,2,M&A,"May 8, 2017","$ 15,500.00",Angel,"$ 90,200.00",,—,,,,,
Modaka Technologies,Apps,Augmented Reality,Bengaluru,Karnataka,ModakaTech's product Camweara is a market leader in AR and game changer for online retailers.,560041,—,"Nov 15, 2017",modakatech.com/,2,Vasantha H Raj M,01-Oct,1,Seed,"Feb 20, 2018","$ 80,000.00",Pre-Seed,"$ 80,000.00",,—,Vedant B Hegde,,,,
HungryTripper,Internet,Social Network,Bangalore,Karnataka,"HungryTripper is India's first travel platform to bring the goodness of social media, trip booking, and rewards under a common roof.",560041,$1M to $10M,"Feb 16, 2017",hungrytripper.com/,2,Harish Ramasamy,Nov-50,2,Seed,"Sep 1, 2019","$ 1,00,000.00",Pre-Seed,"$ 1,63,000.00",,—,Sidharth Beckaya,,,,
Lal10,Consumer Goods,E-Commerce,Noida,Uttar Pradesh,"Lal10 enables creative manufacturing MSMEs to easily digitize, manage, and sell their inventories for cross-border wholesale.",201301,$1M to $10M,"Jan 26, 2017",lal10.com,3,Albin Jose,51-100,7,Seed,"Jul 19, 2022","$ 40,00,000.00",Seed,"$ 90,80,000.00",HDFC Bank,27,Maneet Gohil,BlackSoil,Beyond Capital,Sorenson Impact,Asymmetry Ventures
Quali55Care,Health Care,,Mumbai,Maharashtra,Quali55Care provides durable medical equipment on a rental and sale platform.,400077,—,2018,quali55care.com/,2,Harddik K Patel,Nov-50,2,Seed,"Jul 15, 2022","$ 1,00,000.00",Angel,"$ 1,65,000.00",ah! Ventures,4,Raj Manta,India Accelerator,Rohit Sharma,Jeegar Kothari,
Countingwell,E-Learning,EdTech,Bengaluru,Karnataka,Countingwell is a dedicated maths learning app for students in middle school.,560070,—,2018,www.countingwell.com/,2,Nirmal Shah,Nov-50,1,Seed,"Dec 15, 2020","$ 10,00,000.00",Seed,"$ 10,00,000.00",Interstar Advisory,2,Ravi Jitani,Delhi Private School Sharjah,,,
PYT,Mobile Apps,Social Media,Chandigarh,Chandigarh,"A Social Network you can trust to explore travel stories of friends, plan and book your trips, create memories and share your experiences.",160019,—,2017,www.pictureyourtravel.com,1,Nitin Trehan,01-Oct,1,Seed,"Oct 30, 2021","$ 2,50,000.00",Pre-Seed,"$ 2,50,000.00",Newchip Accelerator,1,,,,,
Bizzy Baby Media,Animation,Media and Entertainment,Mumbai,Maharashtra,Bizzy Baby Media is a digital media and 2D animation studio.,—,—,"Jan 1, 2017",bizzybaby.in/,1,Murtuza Kutianawalla,Nov-50,2,M&A,"Jan 30, 2020","$ 1,00,000.00",Seed,"$ 3,00,000.00",8finity Global,1,,,,,
PLUC,Content,Content Creators,Delhi,Delhi,"PLUC is a tech-based mobile storytelling platform that provides creators the tools they need to create, promote, and monetize their work.",—,—,2017,pluc.in,—,,Nov-50,1,Seed,"Mar 4, 2022","$ 1,00,000.00",Pre-Seed,"$ 1,00,000.00",EXPERT DOJO,1,,,,,
HumbleBean Coffee,Coffee,Food and Beverage,Kushalnagar,Karnataka,"HumbleBean Coffee is a coffee company that brings India-Grown, Sustainable, Premium, Ethically-Sourced Coffee.",571234,—,2018,humblebeancoffee.com,—,,Nov-50,1,Seed,"Jul 1, 2022","₹ 4,50,00,000.00",Angel,"₹ 4,50,00,000.00",,—,,,,,
Elemential,Blockchain,Developer Tools,Mumbai,Maharashtra,"Blockchain Development Platform To Design, Run & Scale Blockchain Networks.",—,$1M to $10M,"Aug 22, 2017",elemential.com/,2,Anil Dukkipatty,Nov-50,1,Seed,"Apr 10, 2018","$ 10,00,000.00",Seed,"$ 10,00,000.00",Digital Currency Group,14,Raunaq Vaisoha,Matrix Partners India,Lightspeed India Partners,8i Ventures,Prashant Malik
Shrubs tea,Fast-Moving Consumer Goods,Food and Beverage,Hyderabad,Andhra Pradesh,"\A new age tea company that manufacturers Ready-to-drink Cold craft artisanal teas offering a \""\""Guilt-free\""\"" pleasure""",https://www.crunchbase.com/search/organizations/field/organization.companies/location_group_identifiers/asia-pacific,500033,—,"Mar 22, 2018",,,,,,,,,,,,,,,,
we strive to deliver a refined range for you to pick from,we still continue to work towards honing what we do best at Shrubs and evolve it into a paragon of quality,—,https://www.crunchbase.com/person/abhilash-maruvada,https://www.crunchbase.com/search/people/field/organization.companies/num_employees_enum/shrubs-tea,"Feb 1, 2019",https://www.crunchbase.com/search/funding_rounds/field/organization.companies/last_funding_type/shrubs-tea,"₹ 60,00,000.00",https://www.crunchbase.com/search/funding_rounds/field/organization.companies/funding_total/shrubs-tea,,—,,,,,,,,,,,,,,,
Amaara Herbs,E-Commerce,Food and Beverage,New Delhi,Delhi,Amaara Herbs is a company that curates and sells high-quality herbs and herbal teas in India and around the world.,110085,—,2018,www.amaaraherbs.com/,—,,01-Oct,2,Seed,"Nov 28, 2021",—,Seed,"$ 80,000.00",India Accelerator,3,,Faad Network,O2 Angels Network,,
Livve Homes,Financial Services,Real Estate,Ernakulam,Kerala,Livve Homes offers online deposit and rent payments platform for owners and tenants.,682034,—,2017,www.livvehomes.com/,1,Bhavi Mohanty,Nov-50,2,Seed,"Mar 18, 2021","$ 50,00,000.00",Seed,"$ 65,00,000.00",,—,,,,,
Rolling Plates,Food and Beverage,Restaurants,Ahmedabad,Gujarat,Rolling Plates is a food-tech company that specializes in cloud Kitchen based virtual restaurant brands.,—,—,"Jan 1, 2018",www.rollingplates.in/,2,Falaknaz Sheikh,01-Oct,1,Seed,"Aug 5, 2021","$ 1,50,000.00",Pre-Seed,"$ 1,50,000.00",,—,Shihab Sheikh,,,,
Virtual MetalStreet(MetalStreet),B2B,E-Commerce,Bengaluru,Karnataka,Virtual MetalStreet(Metalstreet) is a B2B marketplace for steel trading in India,560025,—,2017,www.metalstreet.in/,3,Arun Shukla,Nov-50,1,Seed,"Oct 15, 2018","$ 7,00,000.00",Angel,"$ 7,00,000.00",,—,Nupin R Pillai,,,,
Corpusvision,Cloud Computing,Information Technology,Mumbai,Maharashtra,Corpusvision is a software development company focusing on developing affordable technologies.,—,—,2018,www.corpusvision.com,2,Pranjal Pandey,Nov-50,2,Seed,"Mar 27, 2019","₹ 4,00,000.00",Seed,"₹ 6,00,000.00",,—,Vineet Singh Kashyap,,,,
TresMoto,Automotive,Electric Vehicle,Bengaluru,Karnataka,"TresMoto is a manufacturer & distributor of electrical scooters with standard features that include GPS, geofencing & remote demobilization.",562 149,—,"Jul 16, 2017",www.tresmoto.in,2,Indrajeet Singh Rajpoot,Nov-50,4,Seed,"Jan 12, 2021",—,Seed,"$ 2,55,000.00",Shell E4,2,Shubham Jain,Raaj Kumar,,,
Plus Healthcare,Education,Health Care,Mumbai,Maharashtra,HealWell24 - Medtech Market Place,400078,—,2018,plushealthcare.co.in,4,Chittaranjan Mishra,Nov-50,2,M&A,"Sep 1, 2021","$ 1,50,000.00",Seed,"$ 1,75,000.00",Plus Healthcare,5,J K Singha,Amit Bhatnagar,R Ranganathan,Siddharth Puranik,Prerna Goenka
The Office Pass,Coworking,Information Technology,Gurgaon,Haryana,"\The Office Pass (TOP) is a technology platform that connects companies & professionals to \""\""ready to use\""\"" cool""",https://www.crunchbase.com/search/organizations/field/organization.companies/location_group_identifiers/asia-pacific,122018,—,2017,,,,,,,,,,,,,,,,
maintenance charges,furnishing & equipment,electricity,,,,,,,,,,,,,,,,,,,,,,,
"you enjoy \\""Pay as you use model\""\""​. You can take office space on MONTHLY""",you pay only for the seat(s) that you book. If you expand your team,—,https://www.crunchbase.com/person/aditya-verma-2,https://www.crunchbase.com/search/people/field/organization.companies/num_employees_enum/the-office-pass,"Apr 25, 2017",https://www.crunchbase.com/search/funding_rounds/field/organization.companies/last_funding_type/the-office-pass,"$ 2,45,000.00",https://www.crunchbase.com/search/funding_rounds/field/organization.companies/funding_total/the-office-pass,Arun Tadanki,",",https://www.crunchbase.com/person/aditya-verma,,,,,,,,,,,,,,
24x7 Offshoring,Big Data,Data Collection and Labeling,Delhi,Delhi,"localization, Machine Learning data collection, Artificial intelligence services, Annotation, AI data label, TRANSLATION.",110049,—,"Jan 6, 2018",24x7offshoring.com/,1,TEJA SUVVARI,251-500,1,Seed,"Aug 15, 2022","$ 1,00,000.00",Pre-Seed,"$ 1,00,000.00",TEJA SUVVARI,1,,,,,
Singularity Dynamics,,,Bengaluru,Karnataka,Singularity Dynamics is a Chip-design testing startup.,—,—,2017,www.singularitydynamics.co/,2,Harish Kumar,01-Oct,1,Seed,"Oct 15, 2018","$ 6,60,000.00",Seed,"$ 6,60,000.00",3one4 Capital,3,Sushma Kumar,StartupXseed Ventures,IDFC-Parampara Fund,,
Pipaltree Beverages,Food and Beverage,Health Care,Mumbai,Maharashtra,Pipaltree Beverages offers nutrition food products to consumers for a healthy lifestyle.,—,$1M to $10M,"Jan 1, 2017",www.pipaltreebev.com/,1,Satish Negi,01-Oct,1,Seed,"May 16, 2019","₹ 80,00,000.00",Pre-Seed,"₹ 80,00,000.00",ITI Growth Opportunities Fund,1,,,,,
MachPhy Solutions,Manufacturing,Product Management,Bhubaneswar,Orissa,"MachPhy Solutions innovate and develop products for clients, using state of art technology and pure aesthetic designs.",—,—,2017,machphy.com/,—,,01-Oct,1,Seed,"Nov 1, 2022","$ 50,000.00",Pre-Seed,"$ 50,000.00",MARL 5G Accelerator,1,,,,,
Fruzi,E-Commerce,Retail,Mumbai,Maharashtra,"\\""\""Fruzi\""\"" is an fresh produce retail company  which connect farmer to consumer\""",400701,Less than $1M,Jan-18,fruzi.in,2,Harsh Goyal,Nov-50,1,Seed,"Nov 25, 2019","$ 50,000.00",Pre-Seed,"$ 50,000.00",,—,Vishal Goyal,,,,
Loves Cloud,Cloud Computing,Cloud Management,Noida,Uttar Pradesh,"Loves Cloud is an independent software vendor that offers cloud migration, cost optimization, docker, and server-less.",—,—,"May 3, 2017",loves.cloud,2,Albert Anthony,Nov-50,1,Seed,"Oct 31, 2019","$ 90,000.00",Pre-Seed,"$ 90,000.00",,—,Rashmi Mishra,,,,
Finoramic,Financial Services,FinTech,Hyderabad,Andhra Pradesh,"Faster, secure and easier way to track your financial net worth.",—,—,"Aug 2, 2017",finoramic.com/,1,Sachin Gupta,01-Oct,1,Seed,"Aug 2, 2017","$ 1,25,000.00",Angel,"$ 1,25,000.00",,—,,,,,
Eigenlytics,Analytics,Artificial Intelligence (AI),Mumbai,Maharashtra,Eigenlytics is a b2b data solutions company that brings in cutting-edge data science capabilities.,421204,—,2018,www.eigenlytics.com/,2,Dilip Mali,01-Oct,1,Seed,"Jul 27, 2022","$ 2,50,000.00",Seed,"$ 2,50,000.00",Newchip Accelerator,1,Prashant Kumar,,,,
BollyDad,Apparel,Fashion,New Delhi,Delhi,BollyDad is an Indian fashion brand known for its contemporary and stylish clothing. Specializing in men's fashion.,—,—,"Jan 1, 2017",www.bollydad.in,2,Asli Daud,51-100,1,Private Equity,"Dec 23, 2021","₹ 10,00,000.00",Private Equity,"₹ 10,00,000.00",,—,Asli Saif,,,,
Jumpstart,Consumer Reviews,Customer Service,Mumbai,Maharashtra,Connecting Businesses to Modern Customers,400076,$10M to $50M,"May 22, 2017",www.gojumpstart.in,2,Qamar Siddiquie,01-Oct,1,Seed,"May 1, 2019","$ 3,00,000.00",Seed,"$ 3,00,000.00",Venture Catalysts,3,Raghav Soni,Mrunal Jhaveri,Bobby Reddy,,
Kalchi,E-Commerce,Food and Beverage,Bangalore,Karnataka,Kalchi is an online retail providing food without preparation woes.,—,—,"Apr 28, 2017",kalchi.in/,2,Payal Asthana,01-Oct,1,Seed,"Apr 15, 2019","$ 4,00,000.00",Seed,"$ 4,00,000.00",,—,Sudeep Srivastava,,,,
BuyNswipe,FinTech,,Noida,Uttar Pradesh,"Simplify the way of doing digital transactions, make the business for offline retailers hassle free",201301,—,"Jan 3, 2017",buynswipe.com,2,Gaurav Garg,01-Oct,1,Seed,"Apr 1, 2021","₹ 20,00,000.00",Pre-Seed,"₹ 20,00,000.00",JSS STEP,1,Ratnesh Choubey,,,,
DSAB Finserve,E-Commerce,Education,Guwahati,Assam,DSAB Finserve offers a one-stop shop for digital financial products by bridging the gap between consumers and financial institutions.,781001,—,2018,www.dsabfinserve.com,1,Abhishek Borah,01-Oct,1,Seed,"Sep 8, 2021","₹ 10,00,000.00",Pre-Seed,"₹ 10,00,000.00",Bhupen Borah,1,,,,,
Saans International,Blockchain,Enterprise Applications,Surat,Gujarat,"​Solving the fundamental problems of gems, and jewelry industry. Making the trade more, and more, lucid, and data driven.",395003,—,Jan-17,www.saansinternational.com,1,Kundan Sarraf,01-Oct,2,Seed,"Feb 1, 2021","₹ 3,00,000.00",Pre-Seed,"₹ 4,00,000.00",Puneet Mittal,2,,Jitesh Mehta,,,
Career Dose Pvt Ltd,EdTech,Education,Noida,Uttar Pradesh,"Edtech, Online Education, Analysis.",201301,—,"May 16, 2017",www.careerdose.com/,1,Aniket Srivastava,101-250,1,Seed,"Jan 31, 2022","$ 4,00,000.00",Seed,"$ 4,00,000.00",,—,,,,,
Neukelp,Health Care,,Bangalore,Karnataka,Smart Posture Trainer,—,—,2017,neukelp.com/,1,Saurabh Agrawal,01-Oct,1,Seed,"Dec 25, 2018","₹ 50,00,000.00",Pre-Seed,"₹ 50,00,000.00",Biotechnology Industry Research Assistance Council(BIRAC),1,,,,,
Realpro Realty Solutions,Marketing,Property Management,New Delhi,Delhi,Indian arm of luxury real estate advisory services provider .,110048,—,"Feb 27, 2017",,3,Amit Goyal,01-Oct,2,—,"Jan 3, 2018","$ 20,00,000.00",Venture - Series Unknown,"$ 90,00,000.00",Brand Capital,1,Ankit Tyagi,,,,
Fascent technologies,Big Data,Cloud Data Services,Hyderabad,Andhra Pradesh,Software development company,—,—,Dec-17,www.fascent.in,1,Ravi Teja Beku,51-100,2,Seed,"Feb 1, 2018","₹ 10,00,000.00",Seed,"₹ 20,00,000.00",Sreenivas Beku,2,Mobile Apps,Pallavi beku,Software,Web Development,
Howdydo,Event Management,Fitness,Chennai,Tamil Nadu,Howdydo - find classes in neighborhood.,—,Less than $1M,2017,www.howdydo.in,2,SK Choudhury,Nov-50,1,Seed,"Apr 12, 2018","₹ 2,00,00,000.00",Seed,"₹ 2,00,00,000.00",TIW Private Equity,1,Sudhakar Raja,,,,
BlueTie,Apps,Internet,Mumbai,Maharashtra,Objective Driven Professional Networking,400093,$1M to $10M,Jan-17,www.bluetieglobal.com,2,Kalyan Garud,Nov-50,3,Seed,"Jun 10, 2019","$ 7,10,000.00",Angel,"$ 15,20,000.00",,—,Kunal Garud,,,,
Homeguruji,E-Learning,Education,Jabalpur,Madhya Pradesh,Homeguruji provides the best-personalized learning where students can find the most suited & top-notch tutors.,—,—,2018,homeguruji.com/,1,Nikhil Bhatnagar,01-Oct,1,Seed,"Apr 22, 2021","₹ 25,00,000.00",Seed,"₹ 25,00,000.00",Girjesh Vyas,1,,,,,
igauge,Human Resources,Information Technology,Mumbai,Maharashtra,"Igauge is a talent pre-screening platform that helps businesses engage, personalize, and shortlist the best candidates globally.",401028,—,"Dec 21, 2017",www.igauge.io,—,2,Aniket Takarkhede,01-Oct,2,https://www.crunchbase.com/search/funding_rounds/field/organization.companies/num_funding_rounds/igauge,"Mar 2, 2019","$ 2,50,000.00",Seed,"$ 3,75,000.00",—,,,,,
Foaps,Apps,E-Commerce,Kochi,Kerala,Foaps is an order management system that handles user orders from multiple online delivery partners.,683503,—,"May 16, 2017",www.foaps.co/,2,Ehthisham Tk,01-Oct,1,Seed,"Jul 3, 2019","$ 32,000.00",Pre-Seed,"$ 32,000.00",Flat6Labs,1,Muhammed Migdad,,,,
JobsPikr,Machine Learning,Recruiting,Bangalore,Karnataka,JobsPikr provides automated job discovery tool.,—,—,"May 24, 2017",www.jobspikr.com,1,Arpan Jha,51-100,1,Seed,"Sep 29, 2017","$ 70,000.00",Pre-Seed,"$ 70,000.00",,—,,,,,
IwebSpot,Advertising,Digital Marketing,Taranagar,Rajasthan,IwebSpot is a leading digital marketing agency that provides digital marketing services to help companies grow better.,122006,—,"Jul 27, 2017",www.iwebspot.in,1,Ishaan Joshi,Nov-50,1,Seed,"Jun 10, 2022","₹ 12,00,000.00",Seed,"₹ 12,00,000.00",Ishaan Joshi,1,,,,,
Wagonfly,Consumer Applications,E-Commerce,Bengaluru,Karnataka,Wagonfly is an online shopping app that entails the information of the products.,560042,Less than $1M,2018,www.wagonfly.com/,2,Kapil Katiyar,01-Oct,1,Seed,"Apr 28, 2020","$ 5,00,000.00",Seed,"$ 5,00,000.00",ITI Growth Opportunities Fund,3,Raghavendra Prasad,Krishna Raghavan,Manoj kumar,,
KIDZDIARY,Cloud Data Services,EdTech,Uttar Pradesh,India,"KIDZDIARY is an AI-integrated parental engagement cloud software that provides a solution that connects parents, students, and schools.",201303,—,"Sep 25, 2017",www.kidzdiary.org/,—,,—,01-Oct,1,Early Stage Venture,"Jan 17, 2018","$ 8,74,000.00",Series A,,—,Software,,,,
geniSIGHTS,Analytics,Artificial Intelligence (AI),Chennai,Tamil Nadu,Your analytical cente of excellence to provide Automated AI driven Actionable insights,600113,—,"Apr 18, 2017",genisights.com,2,Parvathy Sarath,Nov-50,3,Early Stage Venture,"Aug 9, 2022",—,Series A,"$ 1,50,000.00",,—,Rajesh Kumar,,,,
Hogobie Tech,Business Development,Software,Pune,Maharashtra,Hogobie Tech provides software solutions that help in the operation of a business.,—,—,"Jan 29, 2018",hogobietech.com,1,Saksham Bhagat,Nov-50,1,Seed,"Dec 29, 2019","₹ 20,00,000.00",Seed,"₹ 20,00,000.00",Saksham Bhagat,1,,,,,
Hush - Community for Employees,Apps,Communities,Bangalore,Karnataka,A community for employees to get answers to all their career / workplace questions and get authentic information about any company.,560102,$1M to $10M,"Oct 1, 2017",hush.company/,2,Ashutosh Dabral,Nov-50,2,Seed,"Nov 28, 2018","$ 8,95,000.00",Seed,"$ 11,95,000.00",Accel,3,Umesh Joshi,Shamik Sharma,Sanjay Nadkarni,,
ESCAPADE TECHNOLOGIES,Augmented Reality,Gaming,Hyderabad,Andhra Pradesh,SaaS & Custom Software Development Company,500034,—,"Jan 20, 2017",escapadetechnologies.com/,2,Rajesh Cherukuri,Nov-50,1,Seed,"Mar 8, 2019","$ 3,20,000.00",Seed,"$ 3,20,000.00",,—,Sunny Dasari,,,,
Pulse Active Stations Network,Communities,Health Care,Hyderabad,Andhra Pradesh,The Pulse Active Stations Network is a connected network of IOT-based Smart kiosks known as the Pulse Active Stations.,500 033,$1M to $10M,2017,www.getpulse.in/index.html,2,Joginder Tanikella,Nov-50,2,—,"Mar 30, 2020",—,Venture - Series Unknown,"$ 1,50,000.00",Y Combinator,2,Yuv Raj Poosarla,ASICS Ventures Corporation,,,
The Knotty Tales,Events,Wedding,Noida,Uttar Pradesh,The Knotty Tales s a one-stop wedding store to ease the journey of the bride and groom.,—,Less than $1M,2017,www.theknottytales.com/,1,Saikat Das,Nov-50,2,Seed,"Sep 13, 2019","₹ 35,00,000.00",Seed,"₹ 35,00,000.00",India Accelerator,1,,,,,
Artfine Advisory,Financial Services,Supply Chain Management,Mumbai,Maharashtra,Artfine Advisory is a specialist structuring firm that focuses on supply chain financing.,—,—,"Jan 1, 2018",www.artfine.in,3,Arvind TCA,01-Oct,1,Seed,"Jan 20, 2023","$ 2,50,000.00",Seed,"$ 2,50,000.00",Newchip Accelerator,1,Saini Rajgopal,,,,
Uncap Research Labs,Advice,Consulting,Gurgaon,Haryana,Uncap Research Labs is a talent advisory firm offering solutions that enhance talent assessment and talent acquisition for businesses.,122018,$1M to $10M,2018,www.uncap.co.in/,2,Gaurav Gaur,Nov-50,1,Seed,"Oct 1, 2021","$ 2,50,000.00",Pre-Seed,"$ 2,50,000.00",Newchip Accelerator,1,Naveen Chaudhary,,,,
B-Aegis Life Sciences,Biotechnology,Health Care,Thiruvananthapuram,Kerala,Biotechnology company developing contrast media and nanotherapeutics for cancer diagnosis and treatment.,695568,—,"Oct 5, 2017",www.b-aegis.com/,2,Nandu Surendran,Nov-50,1,Seed,"Dec 5, 2017","$ 1,36,260.00",Pre-Seed,"$ 1,36,260.00",,—,Sruthy Surendran,,,,
BharatSthali,Communities,E-Commerce,Chandigarh,Chandigarh,BharatSthali is your one-stop treasure trove to find sarees online from each part of India!,160101,—,"Dec 15, 2017",bharatsthali.com/,1,Pulkit Gogna,Nov-50,1,Seed,"Apr 24, 2018","$ 60,000.00",Pre-Seed,"$ 60,000.00",,—,,,,,
LQI,Food and Beverage,,New Delhi,Delhi,LQI is a Gurugram based beverage startup.,110047,—,2017,lqi.life/,1,Shubham Khanna,Nov-50,3,Seed,"Nov 11, 2021","$ 1,35,000.00",Seed,"$ 1,35,000.00",Sukhbir Singh,2,,Rahul Maroli,,,
Uppskill,Education,,Noida,Uttar Pradesh,"We are new age learning plateform, where people can come and learn the skills which helps them to get job and in their business",201301,—,"Sep 5, 2017",www.uppskill.com/,2,Abhishek Gupta,Nov-50,1,Seed,"Mar 17, 2022","$ 1,00,000.00",Pre-Seed,"$ 1,00,000.00",Ok! Acquired,1,Arbab Usmani,,,,
SenseHealth Technologies,Health Care,Information Technology,Hyderabad,Andhra Pradesh,SenseHealth Technologies is an edge technology in the domain of healthcare at the affordable cost without compromising the quality.,—,—,2018,www.sensehealth.in/,—,,,,https://www.crunchbase.com/search/funding_rounds/field/organization.companies/num_funding_rounds/sensehealth-technologies,Seed,https://www.crunchbase.com/search/funding_rounds/field/organization.companies/last_funding_at/sensehealth-technologies,https://www.crunchbase.com/search/funding_rounds/field/organization.companies/last_funding_total/sensehealth-technologies,https://www.crunchbase.com/search/funding_rounds/field/organization.companies/last_funding_type/sensehealth-technologies,https://www.crunchbase.com/search/funding_rounds/field/organization.companies/funding_total/sensehealth-technologies,https://www.crunchbase.com/search/principal.investors/field/organization.companies/num_lead_investors/sensehealth-technologies,—,,,,
UCLID,E-Learning,EdTech,Hyderabad,Andhra Pradesh,"UCLID is an Education ecosystem that connects Organization Leaders, Teachers & Students to their opportunities.",500001,—,2017,www.uclid.com/,1,Bhargav Krishna,Nov-50,1,Seed,"Oct 12, 2017","$ 2,35,000.00",Seed,"$ 2,35,000.00",,—,,,,,
Aloe Power,Battery,Clean Energy,Jaipur,Rajasthan,"Aloe Power is a Renewable, Clean & Green Energy Company, pursuing research & development in sustainable energy.",—,—,2017,aloepower.in/,1,Vaibhav Jain,Nov-50,1,Seed,"Oct 2, 2018","$ 1,20,000.00",Pre-Seed,"$ 1,20,000.00",,—,,,,,
Noble House,Consulting,Employment,Gurgaon,Haryana,Noble House is a market place connecting businesses and freelancers/GIG Workers.,—,$100M to $500M,"Sep 14, 2017",www.thinknoblehouse.com/,2,Sanjay Lakhotia,Nov-50,1,Seed,"Jun 20, 2018","$ 10,00,000.00",Angel,"$ 10,00,000.00",,—,Sumer Datta,,,,
Sturmfrei Hospitality,Hospitality,,Ahmedabad,Gujarat,"Sturmfrei Hospitality is a chain of hostels for backpackers and travelers, providing home-like accommodation.",—,—,2018,staysturmfrei.com/,2,Dipjyoti Brahma,01-Oct,1,Seed,"Nov 11, 2019","$ 5,00,050.00",Angel,"$ 5,00,050.00",Mohini Jhanwar,5,Pratyush Neog Manikial,Anurag Jhanwar,Anil Jhanwar,Ashwin Mantri,Jeet Jhabak
Zoprent Technologies Pvt.Ltd.,Automotive,Internet,Bangalore,Karnataka,Zoprent Technologies is an online self-drive rental company.,560011,$1M to $10M,"Feb 6, 2017",www.zoprent.com,1,Parag Prakash,01-Oct,1,Seed,"Jun 24, 2018","$ 1,30,000.00",Seed,"$ 1,30,000.00",,—,,,,,
Polymorph Design Studio,Architecture,Construction,Noida,Uttar Pradesh,Tech Enabled Architecture & Interior Firm,—,—,"Jan 7, 2018",www.polymorph-design.in/,—,,01-Oct,2,Seed,"Sep 20, 2023",—,Seed,"$ 1,00,000.00",,—,,,,,
Zesty Kitchen,Food and Beverage,,Chanditala,West Bengal,Zesty Kitchen is a cloud kitchen focussed on regional cuisines,—,—,2018,zestykitchen.in/,2,Aditya Singh,01-Oct,1,Seed,"Sep 25, 2019","$ 4,22,085.00",Angel,"$ 4,22,085.00",Suhail Sameer,11,Sambit Sathapathy,Sanjiv Rangrass,Paul Abraham,Rishad Abraham,KULDEEP JAIN
Tango IT,Artificial Intelligence (AI),Information Services,Chennai,Tamil Nadu,"Tango IT specializes in the fields of finance, Artificial intelligence, management, and financial transactions.",600018,—,2017,www.tangotech.co.in/,1,Surender Gounder,Nov-50,1,Seed,"Jan 1, 2017","$ 2,50,000.00",Seed,"$ 2,50,000.00",,—,,,,,
GoSocial,Social Media,,Gurgaon,Haryana,"GoSocial is a community platform, helping creators monetise their expertise across different domains.",—,—,2018,gosocial.io,3,Mofid Ansari,Nov-50,1,Seed,"Sep 13, 2020","$ 1,20,000.00",Pre-Seed,"$ 1,20,000.00",,—,Pratyush Singh,,,,
CamCom,Artificial Intelligence (AI),Automotive,Bangalore,Karnataka,"CamCom in a deeptech startup with primary focus on quality assessment, defect and damage detection , using computer vision",560076,—,"Sep 7, 2017",camcom.ai,3,Ajith Nayar,Nov-50,2,Seed,"Feb 13, 2020",—,Seed,—,GenNext Ventures,2,Mahesh Subramanian,Triton Investment Advisors LLP,,,
Transfer Task,B2B,Consulting,Mumbai,Maharashtra,Transfer Task is considered as one of the top virtual assistant companies in the Asia Pacific,—,—,"Feb 21, 2017",www.transfertask.com,1,Deven Chhabria,101-250,1,Seed,"Mar 3, 2018","$ 17,00,000.00",Seed,"$ 17,00,000.00",,—,,,,,
Digverve,Education,,Bangalore,Karnataka,"Digverve is blended education software that helps teachers and trainers create, manage, and deliver online learning environments.",560102,—,"Jun 21, 2017",www.digverve.com,1,Jay Bhaskar,01-Oct,1,Seed,"Jan 20, 2023","$ 1,00,000.00",Pre-Seed,"$ 1,00,000.00",,—,,,,,
E-Mantra,Brand Marketing,Business Intelligence,New Delhi,Delhi,we optimize the websites for local search to drive relevant traffic on your website.,110043,—,"Feb 2, 2018",www.e-mantra.in/,1,Prince Gola,01-Oct,1,Private Equity,"Feb 3, 2022","₹ 10,00,000.00",Private Equity,"₹ 10,00,000.00",Prince Gola,1,,,,,
Krishi Trade,Agriculture,AgTech,Mumbai,Maharashtra,Krishi Trade is a Marketplace for trade in agricultural produce integrated with the supply chain and Agri product marketplace.,400021,—,"Mar 11, 2017",www.krishitrade.com,4,Abhijit Shinde,Nov-50,2,Seed,"Oct 20, 2017","$ 1,00,000.00",Seed,"$ 1,00,000.00",Villgro,1,AN Shahir,,,,
OnlyFragrance,E-Commerce,,Thane,Maharashtra,"Online E-Commerce website selling Fragrances based on popular recommendations such as Longevity, Sillage at value for money prices.",400604,—,"Aug 17, 2017",www.onlyfragrance.com,1,Chaitanya Pradhan,Nov-50,1,Seed,"Jan 20, 2020","₹ 1,00,00,000.00",Pre-Seed,"₹ 1,00,00,000.00",Sangeeta Pradhan,1,,,,,
Demaze Technologies,Artificial Intelligence (AI),Computer Vision,Ahmedabad,Gujarat,Rapidly Growing Software/IT company in India | AI | Blockchain | Game | Website | Mobile App Development,382470,—,"Jul 14, 2017",demaze.online/,—,,Nov-50,1,Early Stage Venture,"Dec 21, 2017","$ 12,46,000.00",Series A,"$ 12,46,000.00",,—,,,,,
SSR Music Company,Music Label,,Gurgaon,Haryana,"Record label, Music Company, Sound Recording Publishing, Song Distribution",122003,—,"Aug 30, 2017",www.ssrmusiccompany.com/,1,Prakash Patel,01-Oct,1,Seed,"Aug 30, 2023","₹ 1,00,000.00",Seed,"₹ 1,00,000.00",,—,,,,,
Minds Task Technologies Pvt Limited,DevOps,,Noida,Uttar Pradesh,"Minds Task Technologies is a leading AI/ML based software development company based in Noida, India.",201309,—,"Mar 3, 2018",mindstask.online/,2,Manish Kumar Singh,Nov-50,1,Seed,"Jun 5, 2018","$ 85,000.00",Pre-Seed,"$ 85,000.00",,—,Sudhanshu Kumar Singh,,,,
Bagmo Pvt Ltd,Health Care,Internet of Things,Kochi,Kerala,Blood Bank Monitoring and Information system,683503,—,"Mar 2, 2017",bagmo.in/,2,Anas D.,01-Oct,1,Seed,"Jun 26, 2020","$ 40,000.00",Seed,"$ 40,000.00",Brinc,1,Ashfaq Ashraf,,,,
Edyoo,E-Commerce,Education,Bengaluru,Karnataka,"Edyoo.com a School Commerce Marketplace where payments, financing, and commerce merge with technology.",560034,$1M to $10M,"Jan 1, 2017",www.edyoo.com/,1,Rakshit Kejriwal,Nov-50,1,Seed,"May 23, 2018","$ 10,00,000.00",Seed,"$ 10,00,000.00",R S Shanbhag,1,,,,,
GIFkaro,Content,Social Media,New Delhi,Delhi,GIFkaro is world's largest Indian GIF Library,—,$1M to $10M,"Jul 6, 2017",gifkaro.com,3,Arpit Kumar,01-Oct,1,Seed,"May 10, 2019","$ 2,50,000.00",Angel,"$ 2,50,000.00",Pranay Gupta,2,Dinesh kumar,Ekika Singh,,,
KHETHINEXT,Agriculture,AgTech,Hyderabad,Andhra Pradesh,KHETHINEXT is an integrated digital platform to enable agriculture transformation through smart farming.,500 033,$1M to $10M,2017,khethinext.com/,1,Phanidhar Palakoti,Nov-50,2,Seed,"May 11, 2018","$ 3,86,000.00",Seed,"$ 53,86,000.00",PALS Global Solutions,1,,,,,
Dota2boost,Sports,,Mumbai,Maharashtra,Global Esports is a Professional eSports Organization,—,$1M to $10M,2018,www.dota2boost.shop/,2,Mohit Israney,Nov-50,1,Seed,"Mar 1, 2019","$ 5,80,000.00",Seed,"$ 5,80,000.00",Venture Catalysts,1,Rushindra Sinha,,,,
eCampus,Education,SaaS,Noida,Uttar Pradesh,"eCampus is a campus automation platform helping colleges, universities & HEIs move towards e-learning.",201301,—,"Dec 4, 2017",ecampuslms.com,2,Anjum Badar,51-100,1,Seed,"Oct 1, 2021","$ 2,50,000.00",Seed,"$ 2,50,000.00",,—,Faiz Khan,,,,
Foom,App Marketing,Food and Beverage,Bangalore,Karnataka,Foom is a subscription-based platform that provides its members with a free drink each and every day.,560037,—,2017,foomapp.com,1,Lokesh Bevara,01-Oct,1,Seed,"Jul 13, 2017","₹ 30,00,000.00",Seed,"₹ 30,00,000.00",,—,,,,,
NextGen Science Media (NGSM),Health Care,Information Technology,Bangalore,Karnataka,NextGen Science Media  is a  knowledge driven media  Company.,—,—,2018,,—,,Nov-50,1,Seed,"Jul 30, 2018","₹ 1,00,00,000.00",Seed,"₹ 1,00,00,000.00",Emerge Life Sciences,1,,,,,
WestCharge,Advertising,Advertising Platforms,Gurgaon,Haryana,"\A new \""\""Phygital\""\"" Media platform backed by a patented Wireless Charging network deployed everywhere you sit outside of home\""",—,$1M to $10M,2018,www.westcharge.com,2,Pranav Nagpal,01-Oct,1,Seed,"Mar 9, 2020","$ 50,000.00",Angel,"$ 50,000.00",,—,Radhika Nagpal,,,,
BookBySlot,Business Travel,Coworking,New Delhi,Delhi,BookBySlot is India's first dynamic hotel slot booking platform to book micro stays and book tables for work in premium hotels.,110017,—,"Jan 19, 2018",www.bookbyslot.com,2,Anubhav Agarwal,01-Oct,3,Seed,"Sep 1, 2021",—,Angel,"$ 50,000.00",Vinod Sood,2,Neha Jain,Anubhav Agarwal,,,
Simply Braces,Beauty,Dental,Mumbai,Maharashtra,It is a braces clinic that helps create a perfect smile.,—,—,2017,simplybraces.in/,1,Arpi Mehta,Nov-50,1,Seed,"Nov 27, 2017","$ 10,00,000.00",Seed,"$ 10,00,000.00",,—,,,,,
Halexo Cabs,App Marketing,Apps,Chennai,Tamil Nadu,Halexo is a mobile app that brings together cab drivers and customers using technology to make transportation hassle-free in India.,676304,—,"Feb 6, 2018",halexocabs.business.site,3,Mohamed Raffi,Nov-50,1,Seed,"Sep 11, 2018","₹ 17,00,000.00",Pre-Seed,"₹ 17,00,000.00",Moideeen Anchukandan,1,Moideeen Anchukandan,,,,
Bulb and Key,E-Commerce,Enterprise Resource Planning (ERP),Pune,Maharashtra,Bulb and Key provides an online platform for all and any small and home based businesses.,411004,—,"Jan 8, 2018",bulbandkey.com/,2,Kuntal Barhate,Nov-50,2,Seed,"Oct 15, 2019","$ 1,00,000.00",Angel,"$ 1,50,000.00",Anup Pai,3,Raj Gujar,Prashant Deshpande,Dilip Tahmankar,,
TIFFILO,Apps,Delivery Service,Lucknow,Uttar Pradesh,Tiffilo is an India's first online meal box service provider food tech company that offers marketplace for truly homemade food.,226010,—,"Apr 1, 2017",www.tiffilo.com/,1,Suraj kr Yaduvanshi,Nov-50,1,Seed,"Mar 9, 2018","$ 7,000.00",Pre-Seed,"$ 7,000.00",,—,,,,,
Ganit,Artificial Intelligence (AI),Data Management,Chennai,Tamil Nadu,"Ganit is a Management Consulting firm that offers AI, machine learning to data management services.",600096,—,2017,ganitinc.com,—,,101-250,1,Seed,"Jul 12, 2022",—,Seed,—,Krishnan Vishwanathan,4,,Amit Raj,Anshul Gupta,Sangeet Kumar,
AsknBid,Financial Services,,Bengaluru,Karnataka,AsknBid operates as an investment tech startup.,560102,—,2018,asknbid.tech/,2,Paarth Dhar,Nov-50,2,Seed,"Jun 1, 2021","$ 25,000.00",Seed,"$ 25,000.00",EXPERT DOJO,4,Suresh Bavisetti,Mumbai Angels,Paipal Ventures,Ravikanth Reddy,
The Fresh Meat Market,E-Commerce,Food and Beverage,Noida,Uttar Pradesh,The Fresh Meat Market is a meat & seafood delivery platform operational in 30 cities across India having 400+ meat vendors partnered with.,201301,$1M to $10M,2017,www.thefreshmeatmarket.com,2,Anand Prakash,Nov-50,2,—,"Oct 3, 2018",—,Venture - Series Unknown,"$ 2,00,000.00",Hydyr Berdiyev,2,Hydyr Berdiyev,Anand Prakash,,,
CampusDunia,Apps,College Recruiting,Mohali,Punjab,CampusDunia provides all the necessary informations about the schools and colleges that anyone needs to know.,160070,—,2018,www.campusdunia.co.in/,—,,01-Oct,1,Seed,"Nov 25, 2021","$ 2,50,000.00",Pre-Seed,"$ 2,50,000.00",Newchip Accelerator,1,,,,,
Finasko,Finance,,Maharashtra,India,"Finasko - Track Financial Market & Get Investment Ideas - Live Financial Quotes, Charts & News Analysis, IPO Alerts, and Much More.",—,—,"Jul 15, 2017",finasko.com/,—,,—,Nov-50,1,Early Stage Venture,"Feb 21, 2018","$ 9,00,000.00",Series B,,—,,,,,
Esthan Group,Advertising,Analytics,Bangalore,Karnataka,"Esthan is a full fledged digital PR agency which focusses on growing IoT, M2M and Big Data and SaaS businesses.",—,—,2017,esthan.com,1,Yash Mehta,Nov-50,1,Seed,"May 10, 2019","$ 2,50,000.00",Seed,"$ 2,50,000.00",,—,,,,,
KARTBITES PRIVATE LIMITED,Food and Beverage,Food Trucks,Kolkata,West Bengal,"Kartbites App lets you discover, hard-to-find street food in your locality and share photos of dishes you feel are worth a mention.",700091,—,"Mar 15, 2018",kartbites.com,1,Akshay Dua,01-Oct,1,Seed,"Mar 15, 2018","$ 1,00,000.00",Pre-Seed,"$ 1,00,000.00",,—,,,,,
Aptence,Apps,Education,Noida,Uttar Pradesh,Aptence is an innovative app focused on developing Aptitude among school students.,—,—,Apr-17,www.aptence.com/,1,Imran Rashid,Nov-50,1,Seed,"Jun 10, 2017","$ 1,50,000.00",Seed,"$ 1,50,000.00",,—,,,,,
Metvy,E-Learning,EdTech,Gurgaon,Haryana,A place where top-notch Industry Experts mentor your up-skilling journey!,—,—,Mar-18,www.metvy.com,1,Shawrya Mehrotra,51-100,2,Seed,"Apr 1, 2022",—,Seed,—,Ivy Growth Associates,8,,Sourabh Chirimar,Divya Rao,Nikhil Gupta,Gaurav Kundarap
Linkcards Business Solutions LLP,B2B,Contact Management,Mumbai,Maharashtra,Linkcards® App - An Instant networking App for professionals for sharing digital business cards with anyone and scan paper business cards.,400101,—,"Jul 19, 2017",www.linkcardsapp.com,2,Kapil Agarwal,01-Oct,1,Seed,"Aug 1, 2017","$ 1,00,000.00",Seed,"$ 1,00,000.00",Shashank Tyagi,1,Shashank Tyagi,,,,
Xpertifi,EdTech,Education,Mumbai,Maharashtra,"Xpertifi functions as an educational platform specializing in career upskilling courses, primarily focused on the sales industry.",400052,—,2018,www.xpertifi.app/,—,,Nov-50,1,Seed,"Jul 8, 2022","$ 2,50,000.00",Seed,"$ 2,50,000.00",Newchip Accelerator,1,,,,,
Subhe,Education,Internet,New Delhi,Delhi,Subhe is an on-demand skill development platform offering a library of video training courses & tutorials taught in Indian Local Languages.,110075,—,2018,www.subhe.com,1,Jagrit Gupta,01-Oct,1,Seed,"Jan 22, 2018","$ 1,24,733.00",Pre-Seed,"$ 1,24,733.00",Techstars,1,,,,,
Online Lead Portal,Apps,Consulting,New Delhi,Delhi,"Online Lead Portal provides intelligent customer engagement experience for businesses of all sizes, making it easy for teams to acquire customers for life. Online Lead Portal is a web & Mobile based CRM tool which support the sales, products & Customer services team to improve customer communication in efficient way to bring more productivity. We believe that every great customer relationship stems from a conversation, so we built a company that designs solutions to foster better customer relationships. Easily communicate real-time status to your customers with advanced MCCS algorithm. Powerful, innovative customer experiences should be within reach for every company, no matter the size, industry or ambition.",110001,—,"Dec 1, 2017",www.onlineleadportal.com/,1,Pramod Mishra,101-250,1,Seed,"Dec 12, 2020","$ 1,00,000.00",Pre-Seed,"$ 1,00,000.00",Prodways,1,,,,,
Impact Micro Ventures (IMV),Artificial Intelligence (AI),Financial Services,Bengaluru,Karnataka,AI based platform for 'no-file' & 'thin-file' micro-enterprise financing,—,—,2017,impaact.in/,1,Pranay Bhargava,01-Oct,3,Seed,"Aug 31, 2018","$ 50,000.00",Seed,"$ 1,75,000.00",VilCap Investments,1,,,,,
Leamigo,Guides,Tour Operator,Mumbai,Maharashtra,"Leamigo is a travel marketplace connecting people globally through food, experiences, and adventures.",400062,Less than $1M,2017,leamigo.com,3,Khalid Ali,101-250,1,Seed,"Sep 20, 2017","$ 50,000.00",Seed,"$ 50,000.00",,—,Nazeeb Ahmad,,,,
SAR Lith Batteries Pvt. Ltd.,Battery,Chemical,Bihar,Bihar,Lithium ion battery manufacturer.,—,—,2018,sarbattery.com,—,,51-100,1,Seed,"Aug 28, 2021","₹ 1,25,000.00",Pre-Seed,"₹ 1,25,000.00",Aim Capital (Earlier Aentor Finances),1,,,,,
FarmBee,AgTech,Analytics,Pune,Maharashtra,FarmBee is an online platform providing data-driven agricultural solutions.,411045,—,"Jan 1, 2017",farmbee.in/,3,Amit Mehra,101-250,1,Seed,"Mar 31, 2018","$ 2,15,000.00",Angel,"$ 2,15,000.00",,—,Sumantra Mukherjee,,,,
Incend Digital,Information Technology,Software,Coimbatore,Tamil Nadu,"We design, and we code — with aesthetics. We focus on the principle of delivering a clean user experience & simplicity.",641030,—,2018,www.incend.in,3,Bharath Raj Kumar Boopathy,01-Oct,1,Private Equity,"Aug 13, 2018","₹ 1,00,000.00",Private Equity,"₹ 1,00,000.00",Bharath Raj Kumar Boopathy,3,Keerthana Ravichandran,Keerthana Ravichandran,Praveen Thirumurugan,,
Edprosys India Pvt. Ltd.,E-Learning,Education,Mumbai,Maharashtra,"Edproys India Pvt. Ltd. is founded by IITians , it has a unique school administration app which connects all the stakeholders of the school.",400013,—,2017,www.edprosys.com/,2,Bipin Kumar Tulo,01-Oct,1,Seed,"Jan 3, 2017","₹ 2,00,00,000.00",Seed,"₹ 2,00,00,000.00",,—,Suraj Kumar Gantayat,,,,
Anaka Agritech,Agriculture,AgTech,Bangalore,Karnataka,Anaka is an AgriTech company pioneering Farming as a Service (FaaS).,—,—,"Feb 24, 2018",anaka.io,1,Mohit Maski,101-250,1,Seed,"May 4, 2018","$ 40,000.00",Seed,"$ 40,000.00",Start-Up Chile,1,,,,,
IPHawk,Artificial Intelligence (AI),Automotive,Mumbai,Maharashtra,A transformation in which artificial-intelligence platforms dramatically affect how legal work gets done.,401202,—,2017,www.iphawk.com/,2,Gaurav Shetty,01-Oct,1,Seed,"Jul 24, 2017","$ 40,000.00",Seed,"$ 40,000.00",Sanjay Mehta,4,Pranab Salian,Anjali Bansal,Dewang Neralla,Pravin Gandhi,
FutureOrion,Blockchain,Information Technology,Bengaluru,Karnataka,FutureOrion is an online solutions provider that delivers unmatched services and products.,560038,—,"Apr 10, 2017",futureorion.com,2,Praveen Pradeep,Nov-50,1,Seed,"May 9, 2019","₹ 1,00,000.00",Pre-Seed,"₹ 1,00,000.00",,—,Sonu SB,,,,
Samkalpa Systems,Aerospace,Consulting,New Delhi,Delhi,"Samkalpa Systems is a key system solutions provider in simulation, analysis and modeling software.",110029,—,"Apr 26, 2017",www.samkalpa.in/,—,,Nov-50,1,Seed,"Feb 21, 2018","$ 1,50,000.00",Pre-Seed,"$ 1,50,000.00",,—,,,,,
Tortue,Gaming,Media and Entertainment,Bangalore,Karnataka,Tortue is a super fun family entertainment brand,560027,—,"Jan 8, 2018",tortuegames.com/,—,,,https://www.crunchbase.com/search/people/field/organization.companies/num_employees_enum/tortue,https://www.crunchbase.com/search/funding_rounds/field/organization.companies/num_funding_rounds/tortue,Seed,https://www.crunchbase.com/search/funding_rounds/field/organization.companies/last_funding_at/tortue,https://www.crunchbase.com/search/funding_rounds/field/organization.companies/last_funding_total/tortue,https://www.crunchbase.com/search/funding_rounds/field/organization.companies/last_funding_type/tortue,https://www.crunchbase.com/search/funding_rounds/field/organization.companies/funding_total/tortue,,—,,,,
Rentobuzz,Rental,Sharing Economy,Mumbai,Maharashtra,Rentobuzz is a product rental startup aiming to empower people to experience luxury products without digging a hole in their pockets.,410210,$1M to $10M,"Dec 2, 2017",www.rentobuzz.com,1,Atmesh Mishra,01-Oct,1,Seed,"May 10, 2018","₹ 10,00,000.00",Pre-Seed,"₹ 10,00,000.00",,—,,,,,
JustMyRoots,Apps,Food Delivery,Gurgaon,Haryana,"JustMyRoots is a restaurant aggregator company that provides information, menus, and user reviews of restaurants with food delivery options.",122002,$1M to $10M,2017,www.justmyroots.com,—,,51-100,1,Seed,"Jul 7, 2023",—,Angel,—,Arjun Purkayastha,2,,Sourav Ganguly,,,
Hot Jesicca,,,Goa,Goa,"Goa is reputed for its tourist spots and modern girls, which implies that you can have real fun here. https://www.hotjesicca.com",—,—,2017,www.hotjesicca.com,—,,—,1,Early Stage Venture,"Apr 1, 2015","$ 35,00,000.00",Series A,"$ 35,00,000.00",IDG Capital,3,,Susquehanna International Group (SIG),China Renaissance,,
The Uncube,Information Technology,Internet,Haryana,Haryana,The UnCube is an online platform offering coworking spaces for rent to remote workers.,122001,—,Jan-17,www.theuncube.com,3,Sakshi Khanna,01-Oct,2,M&A,"Aug 14, 2018","$ 16,000.00",Seed,"$ 16,000.00",Startupbootcamp Smart City Dubai,1,Sameer Kaul,,,,
One Young India,E-Learning,EdTech,Delhi,Delhi,"One Young India is an online education platform offering programs, workshops, and classes for high school and undergraduate students.",—,$1M to $10M,2018,www.oneyoungindia.com/,—,,01-Oct,1,Seed,"Oct 1, 2021","$ 2,50,000.00",Pre-Seed,"$ 2,50,000.00",Newchip Accelerator,1,,,,,
OlaGate,Apps,Information Technology,Pune,Maharashtra,"OlaGate is an app that helps users manage visitor access, domestic help, and services.",—,—,"Dec 15, 2017",www.olagate.com/,1,Rupesh Gaidhani,01-Oct,4,Seed,"Oct 13, 2020","$ 50,000.00",Pre-Seed,"$ 2,25,000.00",,—,,,,,
Donna FMCG,Consumer,E-Commerce,Bangalore,Karnataka,Donna FMCG is an E-commerce start-up that sells plant-based products for skin and hair under the brand ‘Positive’.,560102,—,2017,www.donnafmcg.com/,1,Akshay Dua,01-Oct,1,Seed,"Apr 14, 2020","$ 2,00,000.00",Seed,"$ 2,00,000.00",CanQbate,1,,,,,
idoow,Freelance,Marketplace,Hyderabad,Andhra Pradesh,Idoow is a On Demand Freelance Services Marketplace,500092,—,"Jan 14, 2017",www.idoow.net/,1,Ranglal Devasoth,101-250,1,Seed,"Jan 14, 2017","$ 5,000.00",Seed,"$ 5,000.00",,—,,,,,
WhatsCut Pro,Android,Audio,Bangalore,Karnataka,WhatsCut Pro is content platform to create and share video/audio stories on various social media and chat messenger platforms,—,$1M to $10M,"Jul 1, 2017",www.whatscutpro.com/,5,Ramees P.,01-Oct,3,Seed,"Jul 17, 2019",—,Seed,"$ 1,60,000.00",SOSV,5,Rizwan Sadath,Orbit Startups,Axilor Ventures,MOX (now Orbit Startups),Saket Kumar
eHealthFlex,Consulting,Small and Medium Businesses,Pune,Maharashtra,"eHealthFlex provides software solutions, hospital management, medical tourism, claims management, and disease surveillance services.",—,—,2018,ehealthflex.com,1,Ashutosh Priyadarshi,Nov-50,1,Seed,"May 6, 2022","$ 2,50,000.00",Pre-Seed,"$ 2,50,000.00",Newchip Accelerator,1,,,,,
eGyanamTech,Cyber Security,Information Technology,Pune,Maharashtra,"Leading Cyber Defence initiatives on Automation, Optimisation and Orchestration.",—,—,"Aug 11, 2017",www.egyanamtech.com/,—,,01-Oct,1,Early Stage Venture,"Aug 16, 2018","$ 95,000.00",Series A,"$ 95,000.00",,—,,,,,
Rove,Apps,Car Sharing,Hyderabad,Andhra Pradesh,Rove is a car sharing mobility app that brings the user to the easiest and the fastest way to access a car on-demand.,500081,$1M to $10M,"Jan 10, 2017",www.gorove.in,2,Raj Parolia,Nov-50,1,Seed,"Jan 10, 2017","$ 2,00,000.00",Seed,"$ 2,00,000.00",,—,Saksham Harivyasi,,,,
Mogi App,Internet,SaaS,New Delhi,Delhi,Mogi App is a video delivery SaaS platform.,110017,—,2017,mogiapp.com/,1,Vikrant Khanna,01-Oct,1,Seed,"Jan 25, 2020","$ 1,50,000.00",Seed,"$ 1,50,000.00",,—,,,,,
GSE Red - Social Welfarization,Finance,Financial Services,Pune,Maharashtra,Unique business platform in association with 378 companies & 4 joint ventures which shares part of revenue to social welfare .,—,Less than $1M,"Jun 11, 2017",www.gsered.com/,2,Rohit Shah,Nov-50,1,Seed,"Jan 4, 2019","$ 1,00,000.00",Pre-Seed,"$ 1,00,000.00",,—,Shivika Agrawal,,,,
Techturtle.in,E-Commerce,E-Commerce Platforms,Noida,Uttar Pradesh,TechTurtle Is a Complete Ecommerce Platform which enables Users to Build an Ecommerce Website and sell their Products Online.,201301,—,"Feb 10, 2017",www.techturtle.in/,2,Abhishek Tyagi,Nov-50,1,Seed,"Apr 26, 2017","$ 11,00,000.00",Seed,"$ 11,00,000.00",,—,Devrishi Kaushik,,,,
MediCall,Health Care,,Chennai,Tamil Nadu,MediCall is a health care company.,—,—,"Nov 30, 2017",medicall.cc,2,Péter Gáspár,01-Oct,1,Seed,"Dec 20, 2017","$ 1,70,000.00",Angel,"$ 1,70,000.00",Baconsult,1,Tamás Kotulyák,,,,
DamnVR Technologies,Advertising,Content Marketing,Alwar,Rajasthan,DamnVR Technologies is a web design and digital marketing agency.,301707,—,"Feb 1, 2017",damn-vr.com/,4,Narender Rathi,01-Oct,1,Seed,"Mar 2, 2017","$ 3,000.00",Seed,"$ 3,000.00",Mukesh K Goyal,1,Rahul Goyal,,,,
Verimployee,Human Resources,Service Industry,Gurgaon,Haryana,Verimployee is an “Accountability Mechanism” that alters incentives to promote employees/employers honor their promises.,—,—,2018,www.verimployee.com/,—,,Nov-50,1,Seed,"Nov 1, 2021","$ 2,50,000.00",Pre-Seed,"$ 2,50,000.00",Newchip Accelerator,1,,,,,
WishADish,Computer,Information Technology,Gurgaon,Haryana,Wish A Dish offers restaurant management solutions.,—,—,2018,wishadish.in/,1,Bhavya Bhambhani,01-Oct,1,Seed,"Dec 11, 2019","₹ 60,00,000.00",Angel,"₹ 60,00,000.00",,—,,,,,
HAPLO,Artificial Intelligence (AI),Commercial Real Estate,Bengaluru,Karnataka,HAPLO is an AI-powered integrated workspace SaaS platform for co-working spaces and commercial real estate providers.,560043,—,"Jan 4, 2018",haplo.app,1,Harinath Pudipeddi,01-Oct,1,Seed,"Feb 10, 2019","$ 14,000.00",Pre-Seed,"$ 14,000.00",Pratik Nahata,1,,,,,
Harappa Education,E-Learning,EdTech,New Delhi,Delhi,Harappa Education is an Online Learning Institution.,110016,—,2018,harappa.education/,2,Pramath Raj Sinha,51-100,1,M&A,"Jan 7, 2020",—,Seed,—,Lupa Systems,1,Shreyasi Singh,,,,
AuthBase,Artificial Intelligence (AI),Cyber Security,Hyderabad,Andhra Pradesh,AuthBase is a deep tech cybersecurity startup using AI and ML to identify and mitigate threats and attacks across networks!,500032,—,2017,www.authbase.net/,1,Umesh Thota,Nov-50,2,Seed,"Jan 31, 2017","$ 15,000.00",Seed,"$ 15,000.00",GenNext Ventures,2,,50K Ventures,,,
Telecoms Supermarket India,E-Commerce,Internet,Noida,Uttar Pradesh,India's Own Telecoms Search Engine - Telecoms Supermarket India - www.telecomssupermarket.in,201301,—,"Jan 17, 2017",www.telecomssupermarket.in,1,Raman Singh,Nov-50,1,Early Stage Venture,"May 14, 2017","$ 7,96,000.00",Series A,"$ 7,96,000.00",,—,,,,,
Techfino Capital,Banking,Financial Services,Bengaluru,Karnataka,Techfino Capital is a FinTech company.,560066,—,2018,www.techfino.in/,3,Jayaprakash Patra,01-Oct,1,—,"Apr 21, 2021",—,Venture - Series Unknown,—,DCB BANK,1,Rajesh Panda,,,,
Xwards,Advertising,Brand Marketing,Bengaluru,Karnataka,Xwards is an Programmatic Ad-Delivery System used in Tablets placed inside the Cabs.,560103,—,"Jul 1, 2017",www.xwards.com/,2,Jozef Jagan,01-Oct,2,Seed,"Jun 1, 2019","$ 65,000.00",Angel,"$ 1,40,000.00",,—,Paul Alex,,,,
Flux Auto,Artificial Intelligence (AI),Automotive,Bangalore,Karnataka,Flux Auto develops modular autonomous driving technology for trucks.,—,—,Jan-17,www.fluxauto.xyz/,1,Pranav Manpuria,Nov-50,2,—,"Mar 22, 2021",—,Venture - Series Unknown,—,Y Combinator,5,,7percent Ventures,Vishal Rao,Asymmetry Ventures,Bossanova Investimentos
GramFactory,Consumer Goods,Information Technology,Haryana,Haryana,"GramFactory is a tech platform that helps small retailers streamline their sourcing, monetize their assets better.",122002,—,2018,www.gramfactory.com/,3,Navneet Singh,Nov-50,1,—,"May 8, 2019","$ 10,00,000.00",Venture - Series Unknown,"$ 10,00,000.00",BEENEXT,8,Sanjith Kumar,Amit Lakhotia,Amrish Rau,Ranjan Kant,Tracxn labs
Medionce Solutions Private Limited,Electronic Health Record (EHR),Health Care,Surat,Gujarat,"Mobile Application, Web Application and Healthcare solutions",395004,—,2018,www.medionce.com/,1,Kalpesh Tarsariya,Nov-50,1,Seed,"Mar 5, 2018","$ 1,00,000.00",Angel,"$ 1,00,000.00",,—,,,,,
Flathalt,Internet,Real Estate,Gurgaon,Haryana,FInd your Customized Home here.,122018,—,2017,www.Flathalt.com,2,Rajnish Insha,01-Oct,2,Seed,"Jan 5, 2018","$ 50,000.00",Angel,"$ 55,000.00",Rajnish Insha,1,Sudarshan Kashyap,,,,
DeliverFuel,Fuel,,New Delhi,Delhi,DeliverFuel is an on-demand fuel delivery startup.,110005,Less than $1M,2018,deliverfuel.co.in/,2,Kapil Malhotra,01-Oct,1,Seed,"Apr 4, 2020","$ 4,50,000.00",Seed,"$ 4,50,000.00",SOSV,3,Vishvvadeep Nagi,Orbit Startups,MOX (now Orbit Startups),,
Officepulse,Internet,,Karnataka,India,"Officepulse is an e-procurement solution for businesses,",560078,—,2017,www.officepulse.in/,3,Pradeep Bhat,",,",51-100,2,Seed,"Feb 11, 2019","$ 5,00,000.00",Seed,Z Nation Lab,,,,,,
VAPP,Real Estate,Tourism,Delhi,Delhi,"VAPP is a Delhi-based startup, works in platforms used for real estate and tourism industry .",—,—,2017,,—,,01-Oct,2,Seed,"Sep 13, 2019","₹ 35,00,000.00",Seed,"₹ 35,00,000.00",India Accelerator,1,,,,,
Famebro Creative Studio,Brand Marketing,Graphic Design,Bengaluru,Karnataka,Fastest Growing Web Development & Graphic Designing Agency,560076,—,"Jun 15, 2017",famebro.com,1,Abhay Kumar Patidar,Nov-50,1,Seed,"Dec 1, 2020","$ 45,000.00",Seed,"$ 45,000.00",,—,,,,,
KalaGato,Software,,New Delhi,Delhi,KalaGato Buys Promising Mobile Apps & Grows Them! Sell your Mobile App within 30 Days. Founder Friendly. No Fees.,110057,—,2017,www.kalagato.ai/,2,Aman Kumar,01-Oct,3,Seed,"Dec 15, 2021",—,Seed,—,9Unicorns Accelerator Fund,8,Himanshu Dakar,SOSV,Orbit Startups,peercheque,Chinaccelerator
InstaAdvise,Consulting,Legal,Hyderabad,Andhra Pradesh,"InstaAdvise is an online legal services provider.instaadvise.in is registered under the Companies Act, 2017.",—,$1M to $10M,2017,instaadvise.in/,—,,—,1,Seed,"Feb 20, 2021","$ 10,00,000.00",Seed,"$ 10,00,000.00",,—,,,,,
Data as Services,Apps,CRM,Tirupati,Andhra Pradesh,"Data as Services Using the Neural SEO Network raises organic traffic, ranks, and money.",—,—,Sep-17,dataasservices.com/,1,Mounic Madiraju,Nov-50,1,Early Stage Venture,"Feb 4, 2020","€ 3,00,000.00",Series A,"€ 3,00,000.00",,—,,,,,
Autroid,Automotive,Information Technology,Gurgaon,Haryana,Connecting car users & businesses worldwide,122004,—,"Dec 18, 2017",autroid.com,1,Avinay Sharma,51-100,1,Seed,"Dec 1, 2017","$ 1,00,000.00",Seed,"$ 1,00,000.00",,—,,,,,
Safegold,Cryptocurrency,Financial Services,Mumbai,Maharashtra,SafeGold focuses on using technology to improve transparency and efficiency in buying gold.,400013,—,2017,www.safegold.com,1,Gaurav Mathur,Nov-50,2,Seed,"Jul 17, 2018",—,Seed,—,World Gold Council,2,,Singapore Angel Network,,,
Mint Clean,Customer Service,Home Services,Faridabad,Haryana,On-demand DTH (direct-to-home) cleaning and home health company.,—,—,Jan-18,www.mintclean.in/,1,Arunabh Sinha,Nov-50,1,Seed,"Feb 27, 2018","$ 10,00,000.00",Seed,"$ 10,00,000.00",Franchise India,2,,Anubhav Chopra,,,
BricSpaces,,,Bengaluru,Karnataka,"BricSpaces technology-driven, full-service, real-estate company specializing in designing and delivering a world-class experience.",—,—,2018,www.bricspaces.com/,1,Madhusudhan AV,Nov-50,1,Seed,"May 19, 2021","$ 3,50,000.00",Pre-Seed,"$ 3,50,000.00",Shan Krishnasamy,3,,Vishal K.,Bharat Kapoor,,
Canopi,E-Commerce,Finance,Bangalore,Karnataka,Canopi is an online marketplace for invoice discounting where small businesses.,560008,$1M to $10M,Sep-17,canopi.in/,3,Abhay Asrani,01-Oct,2,Seed,"May 10, 2017",—,Seed,—,Startupbootcamp,2,Mahesh Sagde,Startupbootcamp FinTech Mumbai,,,
CampusWhiz,Education,Information Technology,Hyderabad,Andhra Pradesh,CampusWhiz is a campus management software product for educational institutes.,500081,—,Aug-17,campuswhiz.com,2,Gangadhar Bobbara,Nov-50,1,Seed,"Aug 1, 2017","$ 7,00,000.00",Seed,"$ 7,00,000.00",,—,Shachindra Rajavaram,,,,
The Cat Studios,Animation,Brand Marketing,Indore,Madhya Pradesh,Brand Identity - Brand Design - Packaging Design - Logo Design - Content Creation - Website Development - Marketing Strategy - Advertising,452010,—,"Nov 24, 2017",thecatstudios.com/,2,Chaitanya Malhotra,Nov-50,1,Seed,"Feb 15, 2018","$ 95,000.00",Pre-Seed,"$ 95,000.00",,—,Palash Malhotra,,,,
Hype Pronto- Acquired by ZengaTV,Advertising,Marketing,Noida,Uttar Pradesh,Hype Pronto is an influencer marketing platform and marketplace.,201308,—,2017,www.hypepronto.com/,3,Mohd Shahzad,01-Oct,1,Seed,"Jun 24, 2017","₹ 4,00,000.00",Seed,"₹ 4,00,000.00",,—,Ravi Kant Pandey,,,,
UpDoer Technology,Information Technology,Quality Assurance,Noida,Uttar Pradesh,UpDoer Technology is a global presence Software Testing/QA company working since 2017. Having its head quarters in Noida India.,201301,—,"Aug 21, 2017",updoertechnology.cloud/,1,Raju K.,Nov-50,1,Seed,"Dec 29, 2017","$ 70,000.00",Pre-Seed,"$ 70,000.00",,—,,,,,
IoTronix,Internet of Things,Smart Building,Bangalore,Karnataka,IoTronix makes hotels smart and efficient using technology.,—,—,"Mar 23, 2017",iotronix.co.in,1,SANTOSH VERMA,01-Oct,2,Seed,"Dec 25, 2020","$ 50,000.00",Angel,"$ 60,000.00",,—,,,,,
Employee Hub LLP,Human Resources,,Jaipur,Rajasthan,"Employee Hub connects employers and employees, a women only team of HRTech, and a recruitment consulting partner.",302017,$1M to $10M,2017,www.employehub.com,—,,Nov-50,1,Seed,"May 17, 2017","$ 2,500.00",Pre-Seed,"$ 2,500.00",,—,,,,,
BatteryPool,Automotive,Battery,Pune,Maharashtra,BatteryPool offers battery charging solutions for EV fleets and commercial vehicles.,—,$1M to $10M,2018,www.batterypool.com/,2,Ashwin Shankar,01-Oct,1,Seed,"Aug 19, 2021",—,Seed,—,Indian Angel Network,4,Neil Nevgi,Venture Center,Arjun Seth,Harshavardhan Chitale,
Exampur,E-Learning,Education,New Delhi,Delhi,Exampur is a platform that helps to prepare for all government exams in a proper way along with the study material.,110084,—,2018,exampur.com/,3,Alok Singh Rana,51-100,1,M&A,"Nov 2, 2021",—,Seed,—,Prashant Kumar,1,Vardaan Gandhi,,,,
Lockn Technologies,Assisted Living,Consumer Electronics,Hyderabad,Andhra Pradesh,Lockn Technologies is a company which provides end-to-end access management system for businesses.,500032,—,2018,www.lockn.in/,2,Krishna Teja,01-Oct,1,Seed,"Sep 24, 2019","$ 50,000.00",Seed,"$ 50,000.00",CIE IIIT Hyderabad,2,Tharun Reddy Chinthala,The CoWrks Foundry,,,
LoanDhaba,E-Commerce,Financial Services,Hyderabad,Andhra Pradesh,LoanDhaba is an AI-integrated online marketplace for financial products and services.,—,—,"Apr 20, 2017",www.loandhaba.com/,1,Himanshu Singh,Nov-50,1,Early Stage Venture,"Jan 12, 2018","$ 9,17,000.00",Series B,"$ 9,17,000.00",,—,,,,,
Kartkio,E-Commerce,Fashion,Patna City,Bihar,Kartkio is positioned as an online fashion and lifestyle shop in the minds of people which especially cater upper middle to affluent class.,—,—,"Dec 26, 2017",www.kartkio.com/,1,Gyan Prakash,01-Oct,1,Seed,"Jan 5, 2018","₹ 10,00,000.00",Seed,"₹ 10,00,000.00",,—,,,,,
WiJungle,Cyber Security,Network Security,Jaipur,Rajasthan,WiJungle is a Unified Network Security Gateway that enables organizations to manage and secure their entire network through a single window.,302020,—,"Apr 5, 2017",www.wijungle.com,2,Karmesh Gupta,51-100,1,Seed,"Apr 26, 2022",—,Seed,—,Artesian VC,3,Praveen Gupta,SOSV,Orbit Startups,,
Select Your University,Education,,Ghaziabad,Uttar Pradesh,"Select Your University is an Overseas Education Consultant. We build careers, come and join us for a great future!",201010,—,"Jan 10, 2018",www.selectyouruniversity.com,1,Sandeep Singh,01-Oct,1,Seed,"May 20, 2018","$ 60,000.00",Pre-Seed,"$ 60,000.00",,—,,,,,
GetUrFashion,E-Commerce,Fashion,Noida,Uttar Pradesh,Online Women's Fashion Business Under Hong Kong Funded company Synclusive Innovation Private Limited.,201301,—,2017,geturfashion.com,2,Ranjan Mani,Nov-50,1,Seed,"Mar 3, 2017","$ 2,00,000.00",Seed,"$ 2,00,000.00",,—,Sheetal Behria,,,,
Picxy,Digital Marketing,Digital Media,Bangalore,Karnataka,"Picxy is the Stock Photo Company in South Asia aiming to provide you with authentic images exclusively, pertaining to the South Asian.",560001,—,2017,www.picxy.com/,3,Jitendra Emmani,Nov-50,4,Seed,"Aug 21, 2020",—,Pre-Seed,"$ 3,80,000.00",Techstars,5,Satish V Madala,First Cheque,peercheque,Aakrit Vaish,Ranjit Radhakrishnan
White Panda,Content,Content Marketing,Bangalore,Karnataka,"White Panda is an online content development platform, connecting freelance writers to clients in need of quality content",—,$1M to $10M,"May 1, 2017",whitepanda.io/,1,Roshan Agarwal,Nov-50,1,Seed,"Mar 1, 2019",—,Seed,—,,—,,,,,
MikeLegal,Artificial Intelligence (AI),Consulting,Gurgaon,Haryana,AI powered legal associate aimed at automating legal processes. Currently focused on helping companies better manage and protect their IP.,122001,—,2017,www.mikelegal.com/,3,Ankit Yadav,01-Oct,1,Seed,"Sep 8, 2020",—,Seed,—,SOSV,3,Anshul Gupta,Orbit Startups,Chinaccelerator,,
Zalonin,E-Commerce,Fashion,New Delhi,Delhi,Zalonin is a one-stop-shop that provides beauty and wellness services.,110078,$1M to $10M,"Dec 15, 2017",zalonin.com,2,Anubhav Sinha,01-Oct,1,Seed,"Apr 25, 2018","$ 10,850.00",Pre-Seed,"$ 10,850.00",,—,Rahul Abhishek,,,,
The Creative Crew,Event Management,Media and Entertainment,Mumbai,Maharashtra,"The Creative Crew is a branch from DAPULSE, LLC a talent management department.",—,—,2017,www.creativecrewevents.com,—,,01-Oct,1,M&A,"Feb 23, 2017","$ 75,00,000.00",Private Equity,"$ 75,00,000.00",,—,,,,,
Next Digital Solutions,Digital Marketing,SEM,Kota,Rajasthan,Next Digital Solutions is website design & Digital Marketing development company.,324005,Less than $1M,"Dec 25, 2017",www.nextdigitalsolutions.com/,1,Vikas Saraswat,51-100,1,Seed,"Dec 20, 2018","₹ 1,00,000.00",Angel,"₹ 1,00,000.00",,—,,,,,
Dymaje,Customer Service,Subscription Service,Pune,Maharashtra,Mobile Protection from any type of Damage,411057,—,"Jun 6, 2017",www.dymaje.com,—,,Nov-50,1,Seed,"Mar 3, 2018","₹ 5,00,000.00",Pre-Seed,"₹ 5,00,000.00",,—,,,,,
REVY Environmental Solutions,Biotechnology,Waste Management,Vadodara,Gujarat,REVY Environmental Solutions is a waste management company.,390 007,—,"Aug 1, 2017",www.revy.co.in/,2,Rajneesh Prasad,01-Oct,2,Seed,"May 27, 2019","$ 10,000.00",Seed,"$ 10,000.00",AIM Smart City,2,Vanita Prasad,Powered Accelerator,,,
Le Orion Informatics Private Limited,Accounting,Application Performance Management,Calicut,Kerala,"Le Orion Informatics Private Limited provides solution for accounting, auditing and business intelligence for travel management companies.",—,Less than $1M,"Feb 15, 2018",orioninfo.in,1,Saji Paul,Nov-50,1,Seed,"Dec 31, 2018","$ 15,000.00",Seed,"$ 15,000.00",Kerala Startup Mission,1,,,,,
InternshipFair.In,Business Development,Communities,Delhi,Delhi,"Student-focused internship portal, bringing students, employers and higher education institutions together in one centralized location.",—,—,"Jan 7, 2018",internshipfair.in,1,Hrithik Rastogi,01-Oct,1,Seed,"Feb 15, 2018","₹ 12,50,000.00",Seed,"₹ 12,50,000.00",,—,,,,,
3Cheer,Digital Marketing,Event Management,Noida,Uttar Pradesh,"Event Management Company , Digital Marketing service provider and leading hyperlocal company.",201302,—,2018,www.3cheer.in,like ceremony programs,"or the honeymoon basket in the couple’s hotel room. We’re also available to travel for Destination Weddings & Events.\\""\""",—,—,2,https://www.crunchbase.com/search/people/field/organization.companies/num_founders/3cheer,https://www.crunchbase.com/person/abhishek-kumar-94a6,https://www.crunchbase.com/search/people/field/organization.companies/num_employees_enum/3cheer,https://www.crunchbase.com/search/funding_rounds/field/organization.companies/num_funding_rounds/3cheer,"Mar 5, 2018",Pre-Seed,,,",",https://www.crunchbase.com/person/nishank-gupta-4665,
Phometo,Photography,,Bangalore,Karnataka,"Phometo is a photography company that offers wedding, engagement, and maternity photography services.",560040,—,"Sep 27, 2017",phometo.com,3,Ranganath RNG,01-Oct,1,Seed,"Jan 21, 2018","$ 65,000.00",Pre-Seed,"$ 65,000.00",,—,Shivaprakash Rao,,,,
Udyamjob,E-Commerce,Freelance,Guwahati,Assam,Freelance service providing website started from India . Skill person can sell their skill as services here as services at their own price,784529,—,"Feb 26, 2018",www.udyamjob.com,1,Dilip Sarma,01-Oct,1,Seed,"Jul 21, 2018","$ 60,000.00",Pre-Seed,"$ 60,000.00",,—,,,,,
MobiGarage,Artificial Intelligence (AI),E-Commerce,Delhi,Delhi,MobiGarage: Digitizing India’s second-hand smartphone market,110030,—,2017,www.mobigarage.com,3,Munish Vashishat,Nov-50,3,Seed,"Jun 20, 2023",—,Seed,—,Inflection Point Ventures,16,Pulkit Kapoor,Artesian VC,SOSV,Orbit Startups,LetsVenture
MoNeed,Financial Services,FinTech,Delhi,Delhi,MoNeed is a comprehensive Fintech platform in India.,10019,—,2018,www.moneed.net/,1,Leon Xu,01-Oct,1,Early Stage Venture,"Jul 22, 2019","$ 1,00,00,000.00",Series A,"$ 1,00,00,000.00",,—,,,,,
HOOPOUN,Apps,Artificial Intelligence (AI),Gurgaon,Haryana,"Hoopoun enables true Digitization through Digital Receipts, Payments & Unified Loyalty Rewards using blockchain and Artificial Intellingence",—,—,2017,www.hoopoun.io,2,Amarjeet Singh Oberoi,01-Oct,1,Seed,"Dec 24, 2017","$ 50,000.00",Seed,"$ 50,000.00",,—,Bikramaditya Singhal,,,,
InstaCash,E-Commerce,Mobile Devices,Jaipur,Rajasthan,InstaCash is a re-commerce platform that provides convenience in selling used/old smartphones within 60 seconds.,302021,$10M to $50M,Apr-17,getinstacash.com,2,Dixit Singhvi,Nov-50,1,—,"Aug 21, 2018",—,Venture - Series Unknown,—,CompAsia,1,Prateek Goel,,,,
PocketBill,Financial Services,FinTech,Bengaluru,Karnataka,PocketBill enables users to receive and save digital and physical receipts on the cloud.,560008,—,2018,pocketbill.co,2,Bipin Saxena,01-Oct,1,Seed,"Nov 22, 2017","$ 1,00,000.00",Seed,"$ 1,00,000.00",FasterCapital,1,Naresh Kumar,,,,
NeuraTech Innovations,Consumer Software,Human Computer Interaction,Indore,Madhya Pradesh,"Innovating today, for a better tomorrow.",452001,—,"Oct 1, 2017",www.neuratech.co,1,Naman Yadav,Nov-50,2,Early Stage Venture,"Dec 20, 2018","$ 50,000.00",Series A,"$ 70,000.00",,—,,,,,
Bootminds Systems,Information Services,Information Technology,Bangalore,Karnataka,Bootminds Systems is a career technology platform.,560001,—,Mar-17,www.bootminds.com,2,Pradeep Loganathan,Nov-50,1,Seed,"May 17, 2017","$ 1,00,000.00",Seed,"$ 1,00,000.00",,—,Sanjay Jain,,,,
ClubUp,Internet,,Mumbai,Maharashtra,Nightlife Discovery Platform with Premium Services,400097,$1M to $10M,"Jan 18, 2018",www.clubup.in,1,Rishab Jain,01-Oct,1,Seed,"Aug 14, 2018","₹ 7,00,000.00",Seed,"₹ 7,00,000.00",,—,,,,,
GlocalBazaar,B2B,E-Commerce,Connaught Place,Delhi,GlocalBazaar is a Business to Business & Farmer to Business online Marketplace facilitating bulk selling and buying of goods and products,110091,—,2017,www.glocalbazaar.com,3,Abhishek Pattnayak,Nov-50,1,Seed,"Aug 1, 2017","$ 25,000.00",Angel,"$ 25,000.00",Manit Parikh,1,Manit Parikh,,,,
Refrens,Financial Services,Internet,Bengaluru,Karnataka,"Refrens is a service agency that manages leads, quotes, invoices, and payments to freelancers and agencies.",—,—,"Jan 1, 2018",www.refrens.com/,2,Mohit Jain,01-Oct,1,Seed,"May 12, 2020",—,Seed,—,First Cheque,13,Naman Sarawagi,Anupam Mittal,Amit Lakhotia,Upsparks,Vijay Shekhar Sharma
Vicit Infot Tech Pvt Ltd,Artificial Intelligence (AI),Media and Entertainment,Mumbai,Maharashtra,Creators of successful online social change platform Thappad and futuristic Celebrity Bot project.,400706,$1M to $10M,2017,iconic.wtf,2,Sandesh Suvarna,01-Oct,1,Seed,"Mar 1, 2017","€ 65,000.00",Seed,"€ 65,000.00",TheVentury,1,Vishakha Singh,,,,
Conzumex Industries,Electronics,Internet,Chennai,Tamil Nadu,"Conzumex Industries designs, develops and sells consumer and wearable electronics, mobile software, online services.",600113,—,2018,conzumex.com/,2,Prathyusha Kamarajugadda,Nov-50,1,—,"Jan 1, 2019",—,Venture - Series Unknown,—,Lead Angels Network,1,Sai Kln,,,,
IN3D,Software,,Karnataka,India,IN3D offers state of the art software solutions designed for the woodworking industry.,560078,—,2018,in3d.co,1,,,01-Oct,1,Seed,"Mar 1, 2018","EGP 1,00,000.00",Pre-Seed,Innoventures,,,,,,
EZmaintain,Enterprise Applications,Enterprise Software,Baroda,Gujarat,"CMMS Software hosted in the Cloud a work order management, add IoT Sensors which allows predictive maintenance of plant and facilities",390007,—,2017,www.ezmaintain.com,1,Rick Modi,01-Oct,1,Seed,"Jan 1, 2016","$ 50,000.00",Seed,"$ 50,000.00",,—,,,,,
Aitrex,E-Commerce,Information Technology,Kollam,Kerala,The Next Level For Your Business. Apps | Design | eCommerce | Web. Know more on aitrex.com,—,—,"Jan 1, 2018",aitrex.com/,1,Akhil Prasad,01-Oct,1,Private Equity,"Jan 1, 2018","$ 40,000.00",Private Equity,"$ 40,000.00",Akhil Prasad,1,,,,,
Cabbazar,E-Commerce,Rental,Gurgaon,Haryana,Taxi for Outstation | Outstation Cabs | Outstation Taxi | Cab Booking,—,—,"Jan 1, 2017",cabbazar.com,2,Amit D.,Nov-50,1,Seed,"Oct 26, 2017",—,Seed,—,India Accelerator,1,Rishabh Gupta,,,,
Asnpro,Artificial Intelligence (AI),Customer Service,Dungarpur,Rajasthan,Asnpro is a Business Process Outsourcing Company.,314001,—,2018,asnpro.in,3,Ashish Panchal,Nov-50,1,Seed,"Jan 1, 2019","$ 5,000.00",Seed,"$ 5,000.00",Kamlesh Lohar,1,Kamlesh Lohar,,,,
Carwiz,Automotive,,Hyderabad,Andhra Pradesh,"Carwiz supply, distribution and installation of spare parts.",500073,—,Mar-18,carwiz.in,1,Ramamohan Macherla,Nov-50,1,Seed,"Jan 4, 2021","$ 1,00,000.00",Seed,"$ 1,00,000.00",,—,,,,,
3D Club House,E-Commerce,Education,New Delhi,Delhi,"Ed Tech, Manufacturing, Retail, E- Com, Technology, Mobile App",110024,—,2017,3dclubhouse.com,2,Shweta Mishra,01-Oct,1,Seed,"Apr 12, 2017","$ 1,20,000.00",Angel,"$ 1,20,000.00",,—,Vaisakh Sugathan,,,,
The Mentors,E-Commerce,EdTech,Kolkata,West Bengal,"Immersive Online platform for Foreign Language Packages for Travel, EdTech/Marketplace for School and Professional learning platform",700004,—,2018,www.thementorsweb.com,2,Mithu Paul,Nov-50,1,Seed,"Feb 2, 2019","$ 50,000.00",Pre-Seed,"$ 50,000.00",,—,Pali Rekha Kundu,,,,
GreenTurn Idea Factory,Analytics,Energy,Kochi,Kerala,GreenTurn Idea Factory  helps enterprises optimize energy spends through data-driven insights.,—,—,"Jul 5, 2017",greeniee.com/,2,Manoj Krishnan,Nov-50,2,Seed,"Jan 1, 2018",—,Seed,"$ 20,000.00",Kerala State Electricity Board,2,Sajil Peethambaran,Startupbootcamp Smart City Dubai,,,
BeatRoute | CRM SFA for Intelligent Sales Force Automation,Computer,CRM,New Delhi,Delhi,"Intelligent Field Force CRM platform, Designed uniquely for distributed field teams and affiliates.",110017,$1M to $10M,2017,www.beatroute.io/,1,Vinay Singh,Nov-50,1,Seed,"Oct 14, 2016",—,Seed,—,Quarizon,1,,,,,
Ayasta Technologies,Analytics,Computer Vision,Hyderabad,Andhra Pradesh,We help large enterprises reduce operational risk and improve productivity by digitising electrical workflows using sensors and analytics.,500032,—,"Mar 6, 2017",www.ayasta.com/,3,Raghu Kumar Manchukonda,01-Oct,1,Seed,"Nov 14, 2018","$ 30,000.00",Pre-Seed,"$ 30,000.00",The CoWrks Foundry,1,Ravi Teja Avasarala,,,,
Assembly,Consumer Goods,Manufacturing,Gurgaon,Haryana,Assembly manufactures and sells luggage and laptop bags.,—,—,2018,www.theassembly.in,2,Aditya Khanna,01-Oct,1,Seed,"May 5, 2022",—,Pre-Seed,—,peercheque,1,Mohit Garg,,,,
PrestLoans,Credit,Financial Services,New Delhi,Delhi,Prest Loans offers financial services.,110002,—,2017,www.prestloans.com/,1,Ashok Mittal,Nov-50,1,Seed,"Aug 11, 2018","$ 1,00,000.00",Seed,"$ 1,00,000.00",,—,,,,,
KRA Constroteck,Construction,Consulting,Pune,Maharashtra,Construction Company,411046,—,"Feb 26, 2018",kraconstroteck.com,1,Sachin Kate,101-250,1,M&A,"Nov 4, 2018","₹ 10,00,000.00",Pre-Seed,"₹ 10,00,000.00",KRA Group,1,,,,,
CLANSTECH,Information Technology,Software,Noida,Uttar Pradesh,CLANSTECH is a NopCommerce and Web Designing startup company.,201301,—,"Mar 24, 2018",www.clanstech.com/,—,,Nov-50,1,Early Stage Venture,"Jul 20, 2020","$ 1,75,000.00",Series A,"$ 1,75,000.00",,—,,,,,
Velcode Solutions,Consulting,Information Technology,New Delhi,Delhi,Your Trusted It Partner,110077,—,"Mar 27, 2017",velcodesolutions.com/,—,,Nov-50,1,Early Stage Venture,"Jan 18, 2018","$ 2,06,000.00",Series A,"$ 2,06,000.00",,—,,,,,
Headway.ai,Artificial Intelligence (AI),Consulting,Bengaluru,Karnataka,Headway is a unified smart Talent Platform blending AI & Behavioral Science to deliver big bang talent outcomes.,560008,—,"Aug 16, 2017",www.headway.ai/,2,Lindra Ravindran,Nov-50,1,Seed,"Jan 24, 2018",—,Pre-Seed,—,Lowe's Innovation Labs,1,Sujata Mukhopadhyay,,,,
Skill Circle,Education,Training,New Delhi,Delhi,Skill Circle is a digital learning institute.,—,—,"Jan 1, 2017",www.skillcircle.in/,1,Shivam Ahuja,51-100,1,Seed,"Jan 9, 2020",—,Pre-Seed,—,,—,,,,,
Bazarpe,E-Commerce,,New Delhi,Delhi,Bazarpe is a company that creates B2B digital ecosystem for shop owners and retailers.,110085,—,"Oct 31, 2017",bazarpe.com/,1,SHIVLENDU KUMAR,Nov-50,1,Seed,"Mar 27, 2022","$ 66,250.00",Pre-Seed,"$ 66,250.00",,—,,,,,
RoaDo,Consulting,Logistics,Bangalore,Karnataka,"RoaDo provides various types of transportation, logistics, supply chain, & warehousing services.",560002,—,2017,www.roado.co.in,1,Murugan Manoj Kumar J,Nov-50,1,Seed,"Nov 11, 2021",—,Seed,—,Capital A,1,,,,,
VD Hosts,Business Development,Consulting,Kota,Rajasthan,"VD Hosts is an one stop service provider for a complete business project like - Web Development, App development and Digital Marketing etc..",324005,—,"Sep 10, 2017",vdhosts.co.in,1,Shubham Singh,51-100,1,Seed,"May 4, 2020","$ 10,000.00",Pre-Seed,"$ 10,000.00",,—,,,,,
Artinci,Confectionery,E-Commerce,Bengaluru,Karnataka,"Artinci is an online store that sells a wide variety of ice creams, chocolates, sweets, cookies and cakes.",560048,$1M to $10M,2017,www.artinci.com/,—,,Nov-50,1,Seed,"Nov 14, 2022","$ 12,079.00",Seed,"$ 12,079.00",LetsVenture,5,,The Chennai Angels,Mohit Saytanand,Vishal Bali,Bharath Uppiliappan
GSM AND CO,Biotechnology,,Rasipuram,Tamil Nadu,Biotech company works towards AgriTech to reduce the vegetable wastages by increasing its shelf life at cheaper as possible.,637408,—,"Mar 4, 2017",,—,,Nov-50,1,Seed,"Jan 12, 2020","₹ 5,00,000.00",Pre-Seed,"₹ 5,00,000.00",MANAGE - CIA,1,,,,,
XIFAQ Consulting,Consulting,Venture Capital,New Delhi,Delhi,"Consulting, Advisory, Startup Accelerator",—,—,"Aug 13, 2017",xifaq.com,1,Affaque Ahmed,01-Oct,1,Seed,"Sep 10, 2017","₹ 15,00,000.00",Angel,"₹ 15,00,000.00",Affaque Ahmed,1,,,,,
Archidust,Architecture,Interior Design,Ghaziabad,Uttar Pradesh,"Archidust provides a platform for architecture and design industry to interact, show their work, and find clients.",201102,—,"Mar 18, 2017",archidust.com/,—,,01-Oct,1,Seed,"Jul 25, 2017","$ 70,000.00",Pre-Seed,"$ 70,000.00",,—,,,,,
Agri10x,Agriculture,AgTech,Pune,Maharashtra,Agri10x integrates the entire Agri value-chain through a digital cooperative platform by harnessing emerging technologies.,411014,—,2018,www.agri10x.com/,4,Abhijith Naraparaju,Nov-50,1,Seed,"Jan 7, 2021",—,Seed,—,Omnivore,1,Abhishek Chakrala,,,,
UPrudence Agro,Agriculture,Food and Beverage,Nagpur,Maharashtra,Company dedicated to farming community with objective to promote organic farming across India,440026,—,"Jul 7, 2017",www.uprudenceagro.com,3,Ajay Shrivastav,01-Oct,1,Seed,"May 30, 2019","$ 15,000.00",Seed,"$ 15,000.00",,—,Ritesh Rakesh,,,,
Offgrid Energy Labs,Energy,Energy Storage,Noida,Uttar Pradesh,"Sustainable, safe & cost-efficient battery technology.",201309,—,2018,www.offgridenergylabs.com/,—,,01-Oct,2,Seed,"Feb 15, 2022",—,Seed,—,Alto Partners Multi-Family Office,3,,Ankur Capital,Shell Ventures,,
GTarang Energy,Energy,Waste Management,Mumbai,Maharashtra,GTarang Energy is a converter of  individual and industrial waste into useful energy,400076,$1M to $10M,2018,www.gtarangenergy.com/,2,Manvi Dhawan,01-Oct,1,Seed,"May 27, 2019","$ 10,000.00",Seed,"$ 10,000.00",Powered Accelerator,1,Ratnesh Mishra,,,,
Digital Class: Online Educational Marketplace,B2B,B2C,Ahmedabad,Gujarat,"online platform that brings edu.providers courses, services, products & allow users to discover, compare, & buy that offerings at one place.",382350,—,"May 25, 2017",digitalclassworld.com/,1,Hitesh Mohkar,Nov-50,1,Seed,"Jun 21, 2020",—,Seed,—,,—,,,,,
artbandhu,Digital Media,Internet,Bangalore,Karnataka,"Artbandhu is an creative career discovery platform, providing curated and personalized recommendations for passion and gig-based job seekers",560004,—,"Sep 8, 2017",www.artbandhu.com,2,Abhijeet Prahlad,01-Oct,2,Seed,"Dec 1, 2018","$ 15,000.00",Pre-Seed,"$ 15,000.00",Government of Karnataka,1,Vasant Yaji,,,,
Approhire,Business Development,Marketplace,Pune,Maharashtra,Approhire is global freelancer marketplace to employer as well as freelancer. Employers can post their project and pick up the freelancer.,411048,—,"Oct 4, 2017",www.approhire.com/,1,Manish Shri,01-Oct,1,Seed,"Dec 27, 2017","$ 70,000.00",Pre-Seed,"$ 70,000.00",,—,,,,,
Vicara,Wearables,,Vellore,Tamil Nadu,Vicara is an information technology company that specializes in augmented reality.,632014,$1M to $10M,"Mar 22, 2017",vicara.co/,2,Abhishek Satish,Nov-50,2,—,"Aug 4, 2020",—,Venture - Series Unknown,—,JioGenNext,2,Adarsh Warrier,Btomorrow Ventures,,,
Pato Health,Health Care,Home Health Care,Chennai,Tamil Nadu,Chronic care focused online pharmacy and home health care service provider,600100,$1M to $10M,"Jan 15, 2018",patohealth.com,1,Saravanan Sadaiyappan,01-Oct,1,Seed,"Mar 1, 2018","$ 1,50,000.00",Seed,"$ 1,50,000.00",,—,,,,,
BalmyTrip Holidays Private Limited,Adventure Travel,Business Travel,Pune,Maharashtra,BalmyTrip is a travel agency.,411057,—,2018,balmytrip.com,2,Amit Baranwal,Nov-50,1,Seed,"May 17, 2018","$ 3,00,000.00",Seed,"$ 3,00,000.00",,—,Sanjana Kuril,,,,
OXO CARE,Automotive,Customer Service,Jaipur,Rajasthan,Oxocare is a startup that is helping in organizing the automobile service sector. We offer standardized and hassle-free car wash & services.,302021,—,2018,www.oxocare.com/,3,Punit Sharma,Nov-50,2,Seed,"Feb 11, 2019","$ 30,000.00",Seed,"$ 40,000.00",,—,Rahul Sharma,,,,
Genecorp,Fitness,Genetics,Mumbai,Maharashtra,Genecorp addresses a person’s optimum food and exercise plan according to their genes.,400053,—,Jan-17,genecorp.in/,2,Anand Prasad,01-Oct,1,Seed,"Apr 1, 2017","$ 15,000.00",Seed,"$ 15,000.00",,—,Sandip Agrawal,,,,
NanoWeb Technologies,Information Technology,Software,New Delhi,Delhi,Web and Mobile App Development & SaaS Company,110085,—,2018,nanoweb.in,—,,Nov-50,1,Seed,"Jan 2, 2020","$ 4,00,000.00",Seed,"$ 4,00,000.00",,—,,,,,
Botbaba.io,Chatbot,Information Services,Surat,Gujarat,Botbaba.io is a flow-based & no code chatbot platform that creates WhatsApp chatbots and web chatbots.,—,$1M to $10M,"Mar 21, 2018",botbaba.io,1,Pratik Malhotra,01-Oct,1,Seed,"Jul 27, 2018","$ 60,000.00",Pre-Seed,"$ 60,000.00",,—,,,,,
NoPaperForms,EdTech,Education,Gurgaon,Haryana,"NoPaperForms is a marketing automation, lead nurture and enrolment management platform for educational institutions",—,$1M to $10M,"Feb 8, 2017",www.nopaperforms.com/,2,Nitesh Damani,101-250,1,Seed,"Jul 1, 2011","$ 5,00,000.00",Angel,"$ 5,00,000.00",Mumbai Angels,2,Vishal Shah,Nitesh Damani,,,
Vieroots Wellness Solution,Fitness,Health Care,Bangalore,Karnataka,Vieroots Wellness Solution is a health-tech startup.,560025,—,2018,www.vieroots.com/,1,Sajeev Nair,Nov-50,1,Seed,"Aug 19, 2020",—,Angel,—,Suniel Shetty,1,,,,,
Enlite Research,Commercial,Commercial Real Estate,Mumbai,Maharashtra,Enlite is disrupting the traditional ways of managing buildings by its wireless Building Management System - Know Your Building™.,—,—,Nov-17,www.enliteresearch.com,2,Garima Bharadwaj,Nov-50,1,Seed,"Aug 26, 2020",—,Seed,—,,—,Gaurav Bali,,,,
Bookseduced,Books,Online Portals,Delhi,Delhi,Bookseduced.com provides a free service allowing amateur writers to share their stories and market their books online.,—,—,2017,www.bookseduced.com,1,Gaurav Bhatia,01-Oct,1,Seed,"Feb 1, 2017","$ 2,00,000.00",Seed,"$ 2,00,000.00",,—,,,,,
Humit,Mobile Apps,Music,Bengaluru,Karnataka,Humit is a social media platform for bite-sized audio sharing and discovery.,—,$1M to $10M,2017,www.humit.app,3,Ishaan Negi,01-Oct,1,Seed,"Jun 28, 2021",—,Pre-Seed,—,Antler,8,Prithvi Sankar,First Cheque,Alagu Periyannan,Shivakumar Ganesan,Gajendra Jangid
BeyondIRR,B2B,Financial Services,Mumbai,Maharashtra,"BeyondIRR is a B2B wealth-tech business to assist wealth rms, wealth managers, independent financial advisors, RIAs and MFDs.",—,—,2017,www.beyondirr.tech/,—,,Nov-50,1,Seed,"Apr 8, 2022",—,Seed,—,Rainmatter Capital,2,,Sujeet Kumar,,,
PregBuddy,Enterprise Software,Hospital,Bengaluru,Karnataka,"PregBuddy is an AI-enabled care continuum platform between expecting mothers, their doctors and care providers.",—,$1M to $10M,"Jul 5, 2017",www.pregbuddy.com,3,Sivareena Sarika,01-Oct,1,Seed,"Apr 16, 2018",—,Seed,—,Indian Angel Network,4,Subhadeep Mondal,Rajan Anandan,Jayant Kadambi,Madhusudhan Kannan,
GetePay,Apps,Information Technology,Jaipur,Rajasthan,GetePay develops and creates digital apps and online platform to assist merchants with managing customers.,—,—,2018,mygetepay.com,—,,—,1,Seed,"Feb 10, 2022",—,Seed,—,Hyderabad Angels,1,,,,,
Sharpsell.ai,Enterprise Software,SaaS,Bengaluru,Karnataka,"Equip your sales teams with the right content, learning and coaching to have better customer conversations and drive revenue.",400093,—,2017,www.sharpsell.ai/,2,Arun Subramanian,51-100,1,Seed,"Nov 10, 2022",—,Seed,—,Cornerstone Venture Partners Fund,2,Hanuman Kamma,Mistry Ventures,,,
Square1,E-Commerce,Internet,Gurgaon,Haryana,Square1 is an e-Commerce framework that streamlines and simplifies online businesses.,122015,Less than $1M,"Aug 1, 2017",startwithsquare1.com,1,Angira Shah,01-Oct,1,Seed,"Aug 1, 2017","$ 25,000.00",Seed,"$ 25,000.00",,—,,,,,
PrintBrix,Advertising,Brand Marketing,Noida,Uttar Pradesh,"PrintBrix offers re-designing brands while specializing in printing, designing, and fulfilling promotional items.",201301,—,2018,www.printbrix.com,1,Shreshth Aggarwal,Nov-50,1,Seed,"Mar 1, 2022",—,Seed,—,EvolveX Accelerator,1,,,,,
Ezyschooling,EdTech,Education,Delhi,India,"EzySchooling is a platform connecting parents & schools by facilitating admissions, news, and events along with parenting guidance.",—,—,"Jan 5, 2017",www.ezyschooling.com/,2,Mayank Jain,",",Nov-50,1,Seed,"Nov 24, 2021",—,Seed,Mumbai Angels,",,,,",India Accelerator,,,,
Drillthedeal,E-Commerce,,Jaipur,Rajasthan,"Drillthedeal provides the latest deals, coupons, and offers from all online shopping websites.",302029,—,"Mar 25, 2017",drillthedeal.com,—,,01-Oct,1,Seed,"Jul 29, 2017","$ 70,000.00",Pre-Seed,"$ 70,000.00",,—,,,,,
Veda Labs,Analytics,Artificial Intelligence (AI),Gurgaon,Haryana,Veda Labs is an AI platform that helps retailers to grow their in-store conversions with real-time analytics and consumer insights.,—,—,Jan-17,www.vedalabs.in,2,Ashutosh Mishra,Nov-50,2,Seed,"May 14, 2020",—,Seed,—,Alchemist Accelerator,2,Vivek Singh,Satin Neo Dimension,,,
CARRUS EDUCATION,EdTech,SaaS,New Delhi,Delhi,"CARRUS EDUCATION is a SaaS, Ed-tech, and e-Learning platform that provides a number of features to management college and also students.",110096,$1M to $10M,"Feb 11, 2018",www.carruseducation.com,1,VSH Singh,01-Oct,1,Seed,"May 3, 2019","$ 10,000.00",Seed,"$ 10,000.00",,—,,,,,
Fruitfal,Agriculture,Artificial Intelligence (AI),Noida,Uttar Pradesh,Fruitfal is a tech-enabled AI-driven platform that connects farmers and retailers to create a fair and trusted market.,—,$1M to $10M,2018,fruitfal.com,—,,Nov-50,1,Seed,"Oct 30, 2023",—,Seed,—,India Accelerator,2,,iAngels Network,,,
Leher App,Internet,Mobile Apps,Bengaluru,Karnataka,"Leher is a live discussion social network, drop into club rooms and discuss with your network, community or friends.",—,$1M to $10M,2018,leher.app,2,Atul Jaju,01-Oct,3,Seed,"Jul 1, 2021",—,Seed,—,Google for Startups,3,Vikas Malpani,Orios Venture Partners,PitchRight Venture,,
EVI Technologies,Charging Infrastructure,,New Delhi,Delhi,EVI Technologies is an alumni company building and delivering electric vehicle charging solutions.,110021,—,2017,evitpl.com/,1,Carlos Gomes,Nov-50,2,Early Stage Venture,"Apr 1, 2022",—,Series A,—,GSD Venture Studios,2,,Tessellate Ventures,,,
Fabrik,3D Technology,Industrial,Bengaluru,Karnataka,Fabrik is a software and immersive technology firm that resolve complex problems quickly and cost-effectively using AR/VR capabilities.,560034,—,2017,www.fabrik.space/,—,,01-Oct,2,Seed,"Apr 20, 2022",—,Seed,—,LetsVenture,6,,GSD Venture Studios,Faad Network,SucSEED Venture Partners,Modulor Capital
Grovill Education,Education,Primary Education,Kolkata,West Bengal,Grovill Education Limited provides affordable Pre-Primary Education to the rural children.,700104,—,"Feb 8, 2017",www.learnindiaschool.com,1,Biplab Dey,Nov-50,1,—,"Oct 1, 2019",—,Venture - Series Unknown,—,IIM Calcutta Innovation Park,1,,,,,
Busibuzz,Software,,New Delhi,Delhi,"HR, CRM & Project Management System",110020,—,"May 22, 2017",,—,,01-Oct,1,Early Stage Venture,"Oct 1, 2019","$ 1,00,000.00",Series A,"$ 1,00,000.00",,—,,,,,
Vastra App,Fashion,Mobile Apps,Ahmedabad,Gujarat,VastraApp is a creator of decision-making and smart textile companies.,—,—,"Jan 1, 2018",vastraapp.com/,2,Harish Rajpurohit,Nov-50,1,Seed,"May 14, 2020",—,Angel,—,LetsVenture,2,Vikash Rajpurphit,Blackberrys,,,
DheeYantra,Artificial Intelligence (AI),Information Services,Bangalore,Karnataka,Dhee.AI is the flagship Conversational VOICE AI platform from DheeYantra. Dhee is pioneers in English and Indian Language AI.,560001,—,"Feb 2, 2017",www.dheeyantra.com,2,Sreekumar Jairaj,Nov-50,2,Seed,"Dec 31, 2020",—,Seed,—,IIMA Ventures,10,Vidhu Bennie,Hyderabad Angels,Riso Capital,Vijay Kedia,Digital Futurists Angels
Peergauge,Analytics,Predictive Analytics,Kochi,Kerala,"Peergauge is a cloud-based people analytics platform which helps organizations to measure, analyze and improve employee engagement.",682030,—,2017,peergauge.com/,1,Renju Paul,01-Oct,1,Seed,"May 4, 2018","$ 40,000.00",Seed,"$ 40,000.00",Start-Up Chile,1,,,,,
GoFloaters,Communities,Consulting,Chennai,Tamil Nadu,Pay-per-use office spaces for work and meetings across India,—,—,"Dec 15, 2017",www.gofloaters.com/,2,Shyam Sundar Nagarajan,01-Oct,1,Seed,"Oct 27, 2022",—,Seed,—,Loyal VC,1,Srivatsan Padmanabhan,,,,
chatgen.ai,Chatbot,Information Technology,Mumbai,Maharashtra,"A SAAS hybrid chatbot platform for businesses to use and serve prospects, existing customers and internal employees with effective dialogues",400069,—,2018,www.chatgen.ai,3,Sai Prasanth D,Nov-50,1,Seed,"Jan 2, 2019",—,Pre-Seed,—,,—,Sambasiva Rao P,,,,
Fixigo,Automotive,Retail,New Delhi,Delhi,"Fixigo offers professional car servicing solutions, repairs, detailing and car cleaning, denting, painting, and other related services.",110059,—,2018,www.fixigo.in/,—,,101-250,1,Seed,"Nov 17, 2022",—,Seed,—,Agility Ventures,3,,Alienics,Tarun Kalra,,
SureClaim,Advice,Health Insurance,Bengaluru,Karnataka,SureClaim is a claim advisory services company that helps customers with health insurance claim issues.,560078,$1M to $10M,2017,sureclaim.in,2,Anuj Jindal,01-Oct,1,—,"Jan 1, 2019",—,Venture - Series Unknown,—,Gemba Capital,2,Varun Kansal,Astarc Ventures,,,
BattRE Electric Mobility,Automotive,Energy,Jaipur,Rajasthan,BattRE Electric Mobility is a startup that has been ideated and incubated with the purpose of achieving all inclusive and sustainable modes.,—,—,2017,www.battre.in/,1,Nishchal Chaudhary,51-100,2,Seed,"Nov 3, 2022",—,Seed,—,Agility Ventures,2,,Gajendra chandel,,,
Heelium,Fitness,Health Care,Pune,Maharashtra,"Heelium is a health & fitness solutions company with primary focus on safety, performance and sustainability.",—,$1M to $10M,2017,heelium.in/,2,Prateek Sharma,Nov-50,1,Seed,"Sep 4, 2018",—,Seed,—,,0,Siddharth Jain,,,,
Recycle.Green,Environmental Engineering,,Ahmedabad,Gujarat,Recycle.Green is a circular waste management company.,—,—,2017,www.recycle.green,2,Chintal Shah,01-Oct,1,Seed,"Mar 23, 2021",—,Seed,—,India Accelerator,1,Hardik Shah,,,,
TeamNest,Employee Benefits,Human Resources,Mumbai,Maharashtra,TeamNest is a cloud platform to simplify HR services for organizations of all sizes.,400001,Less than $1M,2017,www.teamnest.com/,2,Mahesh Jethani,01-Oct,1,Early Stage Venture,"Mar 9, 2023",—,Series A,—,InCred Capital,1,Prashant Shah,,,,
WiseGuru,EdTech,Education,Pune,Maharashtra,We aim to simplify the English & Math learning for K12 using our hybrid platform of live classes from certified expert trainers.,411057,—,2018,www.wiseguru.in/,—,,—,1,—,"Nov 14, 2022",—,Venture - Series Unknown,—,Goodwater Capital,1,,,,,
Aggois,Agriculture,Financial Services,Bengaluru,Karnataka,"Aggois provides hassle-free, affordable and transparent post-harvest receivables financing by partnering with financial institutions.",—,—,"Nov 16, 2017",www.aggois.com,1,Prathmesh Kant,01-Oct,1,Seed,"Mar 20, 2019",—,Seed,—,Redwood Trust,2,,Tracxn labs,,,
iRasus Technologies,Clean Energy,Energy,Gurgaon,Haryana,"iRasus Technologies platform remotely monitor, visualize and extract actionable data and insights from energy assets on cloud.",122003,—,2018,irasus.com/,—,,—,1,Seed,"Dec 22, 2022",—,Seed,—,Bhuvan Gupta,4,,Elina Investments,Digital Futurists Angels,Amit Khetan,
Beanly,Coffee,,Delhi,Delhi,Beanly is a coffee-making company.,—,—,2018,www.beanlycoffee.com/,—,,01-Oct,1,Seed,"Nov 18, 2022",—,Seed,—,Deep Bajaj,5,,Anurag Batra,Rohit Jain,Mohit Bajaj,Vikash Chowdhury
Bechef,E-Commerce,Food and Beverage,Vadodara,Gujarat,Bechef is a manufacturer of food and beverage.,—,Less than $1M,"Mar 7, 2017",www.bechef.in,2,Deep Lodhari,51-100,1,Seed,"Nov 8, 2019",—,Seed,—,GVFL,1,Dhaval Patel,,,,
PikaPika App,Content Discovery,Parenting,Gurgaon,Haryana,PikaPika is an app to help parents in making screen time safe and more productive for their kids,120016,—,Feb-17,www.pikapikaapp.com,4,Aman Gupta,01-Oct,2,Seed,"Jun 4, 2020",—,Seed,—,Venture Catalysts,4,Aman Gupta,Himachal Futuristic Communications Limited,Auxano,hartej sethi,
InterviewDesk,Information Technology,,Chennai,Tamil Nadu,InterviewDesk is an Interview Platform built to disrupt traditional hiring methods and works on a unique concept of outsourced interviewing.,600100,—,2017,interviewdesk.ai/,2,Pichumani Durairaj,01-Oct,1,Seed,"Aug 1, 2022",—,Seed,—,Sugumar Nagarajan,1,Vasundhara Pichumani,,,,
Uno Finance,Financial Services,Health Care,New Delhi,Delhi,Uno Finance is a specialist healthcare finance company.,110030,—,2017,unofinance.in/,2,Soumya Arora,Nov-50,1,M&A,"Jan 1, 2019",—,Venture - Series Unknown,—,First Cheque,1,Tushar Aggarwal,,,,
Trazoo Private Limited,B2B,E-Commerce,Gurgaon,Haryana,India's first digital B2B platform empowering SMEs with E-Commerce and business specific digital tools to enhance sales and business growth.,122015,—,"Oct 13, 2017",www.trazoo.in,3,Alisha Chhabra,Nov-50,1,Seed,"Mar 20, 2022",—,Pre-Seed,—,,—,Deepak Verma,,,,
UtopiaTech,Internet of Things,Software,Mumbai,Maharashtra,UtopiaTech is a start-up working in internet of things (IoT) domain to develop intelligent solutions for smart cities and smart campuses.,400072,—,2017,utopiatech.in/,3,Ayush Jain,01-Oct,1,Seed,"Jan 1, 2019",—,Seed,—,AIM Smart City,1,Mitesh Bajaria,,,,
Rainshine Entertainment,Digital Entertainment,,Mumbai,Maharashtra,Rainshine Entertainment  is an operates leading digital entertainment businesses in India and globally.,400018,—,2018,www.rainshine.com/,2,Anuraag Srivastava,51-100,2,—,"Mar 8, 2023",—,Venture - Series Unknown,—,Animoca Brands KK,1,Neeraj Bhargava,,,,
StyleNook,Fashion,Textiles,Mumbai,Maharashtra,StyleNook makes it easier for women to find clothes they love and that fit them well.,—,$1M to $10M,2017,stylenook.in/,2,Arti Gupta,Nov-50,2,Seed,"Mar 3, 2020",—,Seed,—,Randev Ventures,4,Kuntal Malia,Lead Angels Network,Shashank Randev,Stanford Angels and Entrepreneurs,
Upstriv,Collaborative Consumption,E-Commerce,Mumbai,Maharashtra,Upstriv is a company built on the model of listing temporary work positions. Freelancers work in a variety of workplaces.,400058,—,2018,www.upstriv.com,1,Amit Singh,Nov-50,1,Seed,"Jan 30, 2018","$ 18,000.00",Pre-Seed,"$ 18,000.00",,—,,,,,
StareOut Games,Online Games,Video Games,Hyderabad,Andhra Pradesh,StareOut Games is a game studio working on casual an hyper-casual games.,500072,$1M to $10M,2018,www.stareoutgames.in/,1,Vamsi Raju,Nov-50,1,Seed,"Feb 25, 2022",—,Seed,—,SucSEED Indovation,1,,,,,
Tarrakki,Financial Services,,Ahmedabad,Gujarat,"Tarrakki offers mutual funds, equity and other investing led products for retail investors.",380009,—,2018,www.tarrakki.com,1,Saumya Shah,01-Oct,2,Seed,"Apr 21, 2021",—,Pre-Seed,—,Asit Oberoi,3,,Kiran Shetty,Safir Anand,,
Zenpay Solutions,Finance,Financial Services,New Delhi,Delhi,Zenpay is a fintech firm that promotes digital banking solutions to revolutionize the banking experience.,110058,—,2018,www.zenpaysolutions.com/,1,Ankit Bhargava,Nov-50,1,Seed,"Nov 9, 2021",—,Angel,—,Angelbay,8,,Pavitra Pradip Walvekar,Nitin Agarwal,TheStartupLab,Ashish Mittal
Tasty Tales,Food and Beverage,,Bengaluru,Karnataka,"Tangy Turmeric offers ready to cook masalas, pastes and other food products.",—,$1M to $10M,"Feb 19, 2018",www.tasty-tales.com/,2,Pavandeep Singh,01-Oct,1,Seed,"Jan 30, 2019",—,Seed,—,Fireside Ventures,1,Rinka Banerjee,,,,
minto.ai,Artificial Intelligence (AI),Big Data,Hyderabad,Andhra Pradesh,Smart and Real-Time condition monitoring platform for rotating machines,500081,—,2018,www.minto.ai/,1,Raviteja Valluri,01-Oct,1,Seed,"Sep 1, 2018",—,Pre-Seed,—,,—,,,,,
Metalpace™,Ad Targeting,Artificial Intelligence (AI),Pune,Maharashtra,"India's first Intrinsic Ad-tech, Development and Film Company. Enabling easy integration of AI and Web3 services for SMEs and Creators.",411013,—,"Sep 11, 2017",metalpace.com,1,Rajat S. Pawar,Nov-50,2,Seed,"Feb 2, 2022",—,Angel,—,,—,,,,,
Integrace,Health Care,Therapeutics,Mumbai,Maharashtra,Integrace is a therapy focused healthcare company.,400070,—,2018,www.integracehealth.com/,1,Rajagopalan Santhanam,501-1000,1,Private Equity,"Jan 1, 2019",—,Private Equity,—,True North,1,,,,,
Agro2o,Information Technology,Manufacturing,New Delhi,Delhi,"Intelligent and advanced indoor hydroponics system, which automates the process of growing fresh plants with the ease of pressing a button.",110021,—,"Mar 15, 2018",www.agro2o.com,1,Yash Vyas,01-Oct,1,Seed,"Jun 16, 2020",—,Pre-Seed,—,Mumbai Angels,1,,,,,
LoanSimple,Consumer Lending,Financial Services,Gurgaon,Haryana,LoanSimple is a financial services company offering credit line to micro retailers on mobile against UPI digital payments.,122002,—,"Oct 10, 2017",www.loansimple.in/,3,Ashutosh Kumar,101-250,1,Seed,"Apr 1, 2018",—,Seed,—,Leo Capital,1,Daman Singh Kohli,,,,
Shunya,Food and Beverage,,Mumbai,Maharashtra,Shunya operates as a healthy beverages brand.,400059,—,2017,www.drinkshunya.com/,1,Siddhesh Sharma,501-1000,1,Seed,"Feb 10, 2021",—,Angel,—,Shraddha Kapoor,1,,,,,
Vani,Artificial Intelligence (AI),Credit,New Delhi,Delhi,Vani brings proprietary voice systems to the next generation and our users are drivers and teenagers who love our services.,110091,—,"Jan 21, 2018",www.vaniassistant.com/,3,Jatin Babbar,Nov-50,1,Seed,"May 22, 2020",—,Seed,—,SOSV,3,Sachin Gupta,Orbit Startups,MOX (now Orbit Startups),,
Slingloft,Enterprise Software,Retail,Bangalore,Karnataka,Slingloft is a multi-merchant reward platform for mid-scale business in India,—,—,"Apr 16, 2017",www.slingloft.in,2,Keya Paul,01-Oct,1,Seed,"Aug 23, 2019",—,Seed,—,,—,Paul Prasanta,,,,
Brew House,Brewing,Food and Beverage,New Delhi,Delhi,Brew House is a brewing company that manufactures and blends ice tea made from real-brewed tea leaves.,110019,Less than $1M,2017,brewhousetea.com/,1,Siddharth Jain,—,1,Seed,"Nov 10, 2020",—,Seed,—,Venture Catalysts,2,,SN Khurana,,,
GoPik,Information Services,Travel,Bhubaneswar,Orissa,GoPik is a rural engagement community.,—,—,2017,www.gopik.org/,2,Sashwat Brahma,Nov-50,1,Seed,"Dec 3, 2020",—,Seed,—,,—,Yash Parekh,,,,
Friyey Space,Coworking,Hospitality,Pune,Maharashtra,Friyey Space is a startup that transforms pubs and clubs into coworking spaces.,411014,—,2017,www.friyey.com/,1,Yogesh Thore,Nov-50,1,Seed,"Feb 14, 2020",—,Seed,—,Tarun Bhalla,1,,,,,
Vioma Motors,Automotive,Electric Vehicle,Mumbai,Maharashtra,Vioma Motors operates as an e-mobility start-up.,—,—,2018,viomamotors.com/,—,,01-Oct,1,Seed,"Feb 16, 2023",—,Seed,—,Colossa Ventures,2,,BRTSIF,,,
Cloudjiffy,Information Technology,,Maharashtra,India,Cloudjiffy is a high-performing and auto-scalable Cloud Platform-as-a-Service.,411045,—,2017,www.cloudjiffy.com/,1,,,Nov-50,1,—,"Jan 1, 2019",—,Venture - Series Unknown,GenNext Ventures,,,,,,
Bhorzvan Motors,Automotive,Electric Vehicle,Pune,Maharashtra,Bhorzvan Motors is a manufacturer for Electric Vehicles right from Scooters up to Trucks.,411044,—,2017,bhorzvan.com/,1,Nishant Kalbhor,01-Oct,1,Seed,"Sep 24, 2019",—,Seed,—,The CoWrks Foundry,1,,,,,
TripFlee,Internet,Online Portals,New Delhi,Delhi,"TripFlee is an online travel marketplace that offers air tickets, hotel booking, travel insurance, visa services and holiday products.",110008,—,"Jun 13, 2017",www.tripflee.com/,3,Arti Sharma,01-Oct,1,Seed,"Jun 15, 2019","$ 10,000.00",Pre-Seed,"$ 10,000.00",,—,Chirag Kumar,,,,
Homvery,Home Services,Location Based Services,Sambalpur,Orissa,"Hyperlocal Services, Mobile App",768003,—,"Nov 4, 2017",www.homvery.com,3,Prahllad Mittal,101-250,1,Seed,"Apr 3, 2023",—,Seed,—,Santosh Mishra,6,Rajat Kar,Akash Patra,Rashmi Ranjan Mohapatra,P Panch Mukesh,Anita Agrawal
Cellerite Systems,Charging Infrastructure,Electric Vehicle,Hyderabad,Andhra Pradesh,Cellerite Systems is a charging solutions provider for electric vehicles.,5000091,—,2017,www.cellerite.com/,2,Shad Hasan,01-Oct,1,Seed,"Oct 17, 2018",—,Seed,—,Powered Accelerator,1,Srujana Patnaik,,,,
Scriberr,Beauty,Fashion,Mumbai,Maharashtra,Scriberr is a subscription box marketplace.,400093,—,2018,www.scriberr.in/,1,Jigar Vora,01-Oct,1,Seed,"Jan 1, 2019",—,Seed,—,JITO Angel Network,1,,,,,
9Carats,E-Commerce,Jewelry,Gurgaon,Haryana,9Carats is an e-retailing company catering to the refined tastes of modern men & women through its exquisite & timeless diamond jewellery.,122002,Less than $1M,"Nov 1, 2017",www.9carats.com,2,Akash Pratap Singh,01-Oct,1,Seed,"Nov 1, 2017","$ 30,000.00",Seed,"$ 30,000.00",,—,Shikha Khanna,,,,
CarterX,Logistics,Transportation,Bengaluru,Karnataka,CarterX is a technology-based logistics platform.,560092,—,2017,www.carterporter.in/,2,Harsha Nellore,01-Oct,2,Seed,"Jun 4, 2021",—,Seed,—,Venture Catalysts,5,Ramya Reddy,Mumbai Angels,JPIN,Nikhil Vora,Swati Nangalia Mehra
Certybox,Career Planning,Corporate Training,Noida,Uttar Pradesh,"Certybox, a pioneer in EdTech industry for helping professionals & students to skill, up skill or reskill to build their skills.",201301,—,2018,www.certybox.com/,1,Raman Kshatriya,51-100,1,Seed,"Mar 27, 2021",—,Seed,—,,—,,,,,
CUE Labs,Biopharma,Medical,Bangalore,Karnataka,"CUE Labs engaged in manufacturing, marketing and selling of pharmaceuticals products.",560 091,—,"Feb 16, 2017",cuelabs.in/,—,,—,1,Seed,"Feb 11, 2022",—,Pre-Seed,—,Bossanova Investimentos,1,,,,,
CodeNinja.ai,Career Planning,E-Learning,Bengaluru,Karnataka,CodeNinja.ai is an AI and SaaS-based zero code development platform that reduces enterprise software development and deployment cycle.,—,—,2017,codeninja.ai/,4,No other founders,01-Oct,1,Seed,"May 4, 2020",—,Seed,—,Hari Balasubramanian,2,No Other Founders,EaSyndicate,,,
Runaya,Machinery Manufacturing,Manufacturing,Bandra,Maharashtra,Runaya Group is a manufacturing start-up that uses top-notch technology and connections to develop cutting-edge resources sector solutions.,400 051,—,2017,www.runaya.com/,—,,5001-10000,2,—,"Feb 20, 2023",—,Venture - Series Unknown,—,Naivedya Agarwal,2,,Annanya Agarwal,,,
SportsSeam,Artificial Intelligence (AI),Software,Pune,Maharashtra,SportsSeam is an artificial intelligence based platform that provides tools to empower fantasy players to make informed decisions.,411004,—,2017,www.sportsseam.com/,1,Sunil Kulkarni,01-Oct,1,—,"Sep 30, 2019",—,Venture - Series Unknown,—,Plug and Play,1,,,,,
EV Urjaa,Automotive,Battery,Indore,Madhya Pradesh,EV Urjaa builds sustainable infrastructure for Electric Vehicle Charging stations and promotes battery swapping.,452001,$1M to $10M,2017,evurjaa.com,1,Vedant Parmar,Nov-50,1,—,"Jan 1, 2023",—,Venture - Series Unknown,—,Pontaq,1,,,,,
Doubtbox,Apps,E-Learning,Trivandrum,Kerala,Doubtbox is an e-learning app.,695581,—,2017,www.doubtbox.com/,1,Ranjith Balan,Nov-50,1,Seed,"Mar 22, 2019",—,Seed,—,Brand Capital,1,,,,,
Savitri Aquamonk,Agriculture,AgTech,Gudivada,Andhra Pradesh,"From smart aquaculture to commodity trading, empowering farmers with economies of scale",521301,—,2018,www.savitriaquamonk.com,2,Kranthi Chand,Nov-50,1,Seed,"Jan 1, 2018",—,Seed,—,HATCH Aquaculture Accelerator,1,Kranthi Musunuru,,,,
Ingenium Education,Education,Online Portals,New Delhi,Delhi,Ingenium Education has been pushing e-learning by bringing small and medium sized institutes and schools online.,110044,—,2018,ingeniumedu.com/,3,Aakash Gupta,01-Oct,1,Seed,"May 10, 2021",—,Seed,—,HEM ANGELS,4,Mohit Patel,Indian Angel Network,India Accelerator,Lead Angels Network,
Kosha,Fashion,Travel,Mumbai,Maharashtra,Kosha is a technical travel clothing line based on sustainability,400052,—,"Jun 1, 2017",www.kosha.co/,1,Yuktie Jhangiani Verma,Nov-50,1,Seed,"Oct 9, 2019",—,Seed,—,Tres Monos Capital,2,,Narendra Hiranandani,,,
MedSign,Health Care,Hospital,Bengaluru,Karnataka,MedSign is a health technology company operating in the field of digital health records and continuity of care.,560024,—,2018,www.medsign.in/,—,,01-Oct,1,Seed,"May 4, 2021",—,Seed,—,SMSRC,1,,,,,
Suno India,Digital Media,Podcast,Secunderabad,Andhra Pradesh,Suno India is a multi-linguistic podcast platform solely dedicated to audio stories on social issues for all generations.,—,—,2017,www.sunoindia.in/,3,Padma Priya DVL,01-Oct,2,Seed,"Aug 14, 2020",—,Angel,—,INDEPENDENT AND PUBLIC-SPIRITED MEDIA FOUNDATION,2,Rakesh Kamal A B,Shobu Yarlagadda,,,
MiCoB,3D Printing,Building Material,Gandhinagar,Gujarat,"MiCoB provides 3D concrete printing solutions to residential, infrastructure, and architectural market segments.",382355,—,2018,micob.in/,—,,—,1,Seed,"Nov 11, 2021",—,Seed,—,3Lines,1,,,,,
Charitism,E-Commerce,Social Media,Gurgaon,Haryana,Charitism is an online fundraising platform which allows people (E-commerce users) to raise free funds for serving the leading charities.,122016,—,2018,www.charitism.com/,2,Ranjan jeet sharma,01-Oct,1,Seed,"Aug 9, 2019",—,Seed,—,India Accelerator,1,Sudhanshu Sharma,,,,
Wardo,Artificial Intelligence (AI),Fashion,Gurgaon,Haryana,Your Personal Style Assistant Powered By AI,—,Less than $1M,2017,www.wardo.co/,—,,01-Oct,1,Seed,"Nov 27, 2019",—,Pre-Seed,—,India Accelerator,1,,,,,
Letsinfluence,Internet,Marketing,Gurgaon,Haryana,Influencer Marketing Agency,122018,—,2018,www.letsinfluence.io,1,Bhawna Sethi,Nov-50,1,Seed,"Sep 10, 2018",—,Pre-Seed,—,Vipul Agrawal,1,,,,,
Madsto,Beauty,Fashion,Bangalore,Karnataka,Madsto is a men's fashion retail brand.,560043,—,"Mar 30, 2017",www.madsto.in,—,,—,1,Seed,"Oct 19, 2023",—,Seed,—,Prajay Advisors,1,,,,,
Atirath,Gaming,,Secunderabad,Andhra Pradesh,Atirath is a game development company.,500038,—,Apr-17,www.atirath.com,2,Ramachandra Raju,01-Oct,1,Seed,"Feb 7, 2022",—,Seed,—,Kalaari Capital,1,Shiva Bayyapunedi,,,,
Skipy,Education,,Bengaluru,Karnataka,Skipy is a simple creative play kit for Ages 4 and above.,560038,—,2018,www.playskipy.com/,1,Ajay Das,01-Oct,1,—,"Jan 9, 2019",—,Venture - Series Unknown,—,Axilor Ventures,1,,,,,
JetLenses,E-Commerce,Eyewear,Ahmedabad,Gujarat,JetLenses offers contact lenses that are cost less across the internet.,380015,—,2018,beta.jetlenses.com,1,Dhaivat Pandya,01-Oct,1,Seed,"Aug 20, 2018",—,Seed,—,Y Combinator,5,,Soma Capital,FundersClub,Pareto Holdings,Edward Lando
RoyalPOS,Apps,Point of Sale,Surat,Gujarat,RoyalPOS is a point of sale app for merchants.,—,—,"Jan 1, 2017",royalpos.in/,2,Mayuri Rajani Ruparel,01-Oct,1,Seed,"Mar 31, 2023",—,Pre-Seed,—,Marwari Catalysts,2,Utpal Ruparel,Sushil Sharma,,,
WIMWIsure,Artificial Intelligence (AI),Auto Insurance,Ahmedabad,Gujarat,WIMWIsure is AI enabled insurance services platform.,380015,—,"Nov 22, 2017",www.wimwisure.com/,1,Ravinder Kumar,Nov-50,1,Seed,"Nov 3, 2020",—,Seed,—,,—,,,,,
Moodboard Analytics,Computer,Internet,New Delhi,Delhi,Moodboard Analytics provides actionable insights for the fashion and design industries.,110009,—,2017,moodboardanalytics.com,1,Anandita Bhuyan,01-Oct,1,—,"Jul 24, 2018",—,Venture - Series Unknown,—,Target Accelerators,1,,,,,
Financekaart,Credit Cards,Finance,Lucknow,Uttar Pradesh,"Financekaart is an aggregator of financial products and services that provides mutual funds, loans, and credit card services.",226013,$1M to $10M,2018,www.financekaart.com,1,Ganga R. Gupta,Nov-50,1,—,"Jul 28, 2023",—,Venture - Series Unknown,—,Pontaq,2,,Software Technology Parks of India,,,
Acculi Labs,Health Care,Health Diagnostics,Bangalore,Karnataka,"Digital Health Company for Point-of-Care Chronic Disease Diagnostics, Monitoring  & Healing",560098,—,"May 30, 2017",www.lyfas.com/,2,Hari Prasath M.,Nov-50,1,Seed,"Sep 13, 2019",—,Pre-Seed,—,Startup Basket,1,Rupam Das,,,,
Wovoyage,Travel,,New Delhi,Delhi,Wovoyage is a Women Friendly Travel Company.,110034,—,"Mar 14, 2017",www.wovoyage.com/,2,Rashmi Chadha,Nov-50,1,Seed,"Aug 20, 2018",—,Seed,—,Shabir Momin,2,Sahil Seth,Rohit Nanda,,,
Monosha-Biotech,Biotechnology,,Kolkata,West Bengal,Monosha-Biotech is an Integration of traditional tribal knowledge with modern science and technology.,700084,—,"Mar 23, 2017",monosha-biotech.com/,1,Saurabh Ray,Nov-50,1,—,"Jan 1, 2019",—,Venture - Series Unknown,—,IIM Calcutta Innovation Park,1,,,,,
Eden Smart Homes,Information Technology,Internet of Things,New Delhi,Delhi,Eden Smart Homes is an IoT startup that develops indigenous and cost-effective smart home automation systems.,—,—,2018,www.edensmarthomes.com/,2,Divyansh Mathur,Nov-50,1,Seed,"Aug 18, 2020",—,Seed,—,Inflection Point Ventures,1,Pranjal Kacholia,,,,
SkillSanta,Artificial Intelligence (AI),EdTech,Bangalore,Karnataka,SkillSanta is a AI based platform for competency building and mapping.,560102,—,Aug-17,skillsanta.com,2,Gaurav Gupta,Nov-50,1,Seed,"Dec 26, 2019",—,Pre-Seed,—,,—,Rahul Khanvilkar,,,,
Wingman,Sales,Software,Bangalore,Karnataka,Wingman is a real-time sales coaching tool for sales representatives.,—,$1M to $10M,2018,www.trywingman.com/,3,Muralidharan Venkatasubramanian,01-Oct,2,M&A,"Aug 22, 2019",—,Seed,—,Y Combinator,3,Shruti Kapoor,Speciale Invest,Arali Ventures,,
Proximal Soilsens Technologies,Electronics,Farming,Mumbai,Maharashtra,SoilSens is empowering farmers and is a potential category creator in the field of on-site soil testing with its novel soil glucometer.,400076,—,"Jun 23, 2017",www.soilsens.com/,4,Jobish John,01-Oct,1,Seed,"Jan 1, 2018",—,Pre-Seed,—,,—,Mangesh Gurav,,,,
Devicemax,Information Technology,Software,Gurgaon,Haryana,Mobile Device Management Software,122001,—,"Jan 2, 2017",devicemax.com/,—,,01-Oct,1,Seed,"May 12, 2017",—,Seed,—,,—,,,,,
jovaki Agro Food India,,,Bali,Rajasthan,jovaki Agro Food India provides implementation support for establishment of custard apple value chain in the tribal areas.,306116,—,2017,www.jovaki.com/,2,POOJA RAJESH OZA,1001-5000,1,—,"Jan 1, 2019",—,Venture - Series Unknown,—,IIM Calcutta Innovation Park,1,RAJESH KUMAR OZA,,,,
Leaf Fintech,Financial Services,FinTech,Mumbai,Maharashtra,Leaf Fintech is a financial consultant that offers affordable mortgages with competitive interest rates.,400030,$1M to $10M,2017,www.leaffintech.com,—,,251-500,1,Seed,"Jan 1, 2017",—,Seed,—,Sprint Vc,1,,,,,
NeuroLeap,Computer,Health Care,Tardeo,Maharashtra,"NeuroLeap is an applied neuroscience venture headquartered in Mumbai, India",400 034,—,2017,www.neuroleap.science,1,Kumaar Bagrodia,Nov-50,1,Seed,"Oct 9, 2019",—,Angel,—,Sminu Jindal,2,,Rajashree Birla,,,
Seragen Biotherapeutics,Biotechnology,Health Care,Teynampet,Tamil Nadu,"Seragen Biotherapeutics helps obstetricians, gynecologists, and andrologists treat male and female infertility conditions.",600018,—,2018,www.seragen.co/,2,Srinivas Rangachari,101-250,1,Seed,"Sep 8, 2020",—,Angel,—,,—,Vasanthi Palanivel,,,,
GetPY.biz,Analytics,Big Data,Bangalore,Karnataka,"Comprehensive product suite which include app, customer connect tools, extensive data analytics platform and CMS + CRM dashboard.",560103,—,"Sep 29, 2017",www.getpy.biz,1,Kirti Srivastava,Nov-50,1,Seed,"Aug 30, 2019",—,Seed,—,,—,,,,,
Digiarway Healthcare,Education,Health Care,New Delhi,Delhi,Digiarway Healthcare is a digital healthcare platform.,—,—,2018,digilookshealthcare.com/,—,—,https://www.crunchbase.com/search/people/field/organization.companies/num_founders/digiarway-healthcare,https://www.crunchbase.com/person/sushant-sharma-701e,https://www.crunchbase.com/search/people/field/organization.companies/num_employees_enum/digiarway-healthcare,1,Seed,https://www.crunchbase.com/search/funding_rounds/field/organization.companies/last_funding_at/digiarway-healthcare,,https://www.crunchbase.com/search/funding_rounds/field/organization.companies/last_funding_type/digiarway-healthcare,https://www.crunchbase.com/person/harvinder-singh-bhatia,https://www.crunchbase.com/search/principal.investors/field/organization.companies/num_investors/digiarway-healthcare,,",,",https://www.crunchbase.com/person/ashwani-gupta-138b,https://www.crunchbase.com/person/sanjay-malhotra-cae7
Svakarma Finance,Financial Services,FinTech,Mumbai,Maharashtra,"Svakarma Finance is an impact focused NBFC that aims to support Micro, Small and Medium enterprises (MSMEs).",400 018,—,"Nov 21, 2017",www.svakarma.com,1,Kaushik Mazumdar,Nov-50,1,M&A,"Jun 20, 2022",—,Venture - Series Unknown,—,DBS Bank,1,,,,,
Neuu Store,Computer,Retail,Bangalore,Karnataka,Neuu Store is a new micro-retail company building a network of smart vending machines.,560017,—,2018,www.neuustore.com/,2,Kali Charan Shukla,Nov-50,1,Seed,"Jan 1, 2019",—,Seed,—,Lightspeed India Partners,1,Vallieswaran Vairavan,,,,
Creating Talks,EdTech,Internet,Delhi,Delhi,Experiential learning based online platform for youth,—,—,2018,creatingtalks.com/,2,Eklovey Verma,01-Oct,1,Seed,"Jun 1, 2018","$ 10,809.00",Seed,"$ 10,809.00",,—,Tanmay Kandpal,,,,
The Book Cafe,Books,Coffee,Jodhpur,Rajasthan,The Book Cafe with a vision to build a community which connects over books and coffee for mutual growth.,342001,—,2017,www.tbookcafe.com/,—,—,2,Richa Sharma,01-Oct,https://www.crunchbase.com/search/people/field/organization.companies/num_employees_enum/the-book-cafe,https://www.crunchbase.com/search/funding_rounds/field/organization.companies/num_funding_rounds/the-book-cafe,"Apr 9, 2022",—,Pre-Seed,Marwari Catalysts,2,https://www.crunchbase.com/person/sushil-sharma,,Sushil Sharma,
NapNap Mat,E-Commerce,Health Care,Thane,Maharashtra,NapNap - a portable vibrating Mat that mimics the mother's womb and lulls the baby to sleep.,400602,—,2018,napnapmat.com/,1,Sameer Agarwal,Nov-50,1,Seed,"Oct 20, 2018",—,Seed,—,HATCHER+,2,,thinQbate,,,
GeoMeo Informatics,,,Madurai,Tamil Nadu,GeoMeo Informatics is an IoT development company that focuses to impart smart-city and smart transportation using analytics.,625004,—,2017,www.geomeoinformatics.com/,—,,01-Oct,1,Seed,"May 10, 2018",—,Seed,—,Brinc,1,,,,,
RYCABZ.com,Automotive,,Lucknow,Uttar Pradesh,"RYCABZ, the convenient online stop to get your all car  related problems solved by the expert technicians with total transparency.",226001,—,"Mar 1, 2017",www.rycabz.com,3,Ankur Pratap,Nov-50,1,Seed,"Aug 5, 2019",—,Seed,—,,—,Ravi Chauhan,,,,
Book My Diamond,E-Commerce,,Mumbai,Maharashtra,"Book My Diamond Pvt. Ltd, which buys loose diamonds from manufacturers and sells them to jewellers via an app.",—,—,2017,bookmydiamond.com,2,Pinank Kamdar,01-Oct,1,—,"May 11, 2017",—,Venture - Series Unknown,—,Chirag Nikunj Sheth,1,Sankalp Goyal,,,,
FLOAP,E-Commerce,,Bengaluru,Karnataka,Floap (For Love of All Pets) is a platform for pet owners and pet service providers,—,—,2018,www.floap.com,1,Shruthi Nithin,01-Oct,1,Seed,"Jun 4, 2019",—,Angel,—,,—,,,,,
Alpha Fortress Private Limited,Blockchain,Document Management,Noida,Uttar Pradesh,AlphaFortress is a US-based FinTech and RegTech solutions providing software development firm.,201301,—,"Dec 17, 2017",www.alphafortress.com,1,Mustafa Shahanshah,Nov-50,1,Seed,"Dec 1, 2021",—,Seed,—,Flori Ventures,1,,,,,
Kraftivo,Apps,Home Decor,Bangalore,Karnataka,"Krativo is a pioneering online portal devoted to creating an online ecosystem of interior service providers, professionals, and clients.",560102,—,"Jan 15, 2018",kraftivo.in/,—,—,3,Chisna Valsan,Nov-50,https://www.crunchbase.com/search/people/field/organization.companies/num_employees_enum/kraftivo,https://www.crunchbase.com/search/funding_rounds/field/organization.companies/num_funding_rounds/kraftivo,"Sep 1, 2020",—,Seed,,—,https://www.crunchbase.com/person/hafis-ismail-eb06,https://www.crunchbase.com/person/sudheep-vv,,
Super Smelly,Beauty,Personal Health,New Delhi,Delhi,Super Smelly is a personal care products startup,—,—,2018,www.supersmelly.in/,1,Dipali Mathur Dayal,Nov-50,1,Seed,"Oct 17, 2019",—,Seed,—,Lyte Investment Bank,1,,,,,
MyKarma,Internet,Online Games,Chennai,Tamil Nadu,MyKarma is a media and entertainment company that produces a live trivia quiz show.,—,—,Mar-18,mykarmaapp.com,1,Om Prakash Shanmugam,01-Oct,1,Seed,"Jun 1, 2018",—,Seed,—,,—,,,,,
Microwatt,Automotive,Electronics,Bengaluru,Karnataka,Microwatt is a Battery pack solutions and Battery management systems for Automotive company,560043,—,2017,www.microwattenergy.com/,—,,Nov-50,1,—,"Jan 1, 2019",—,Venture - Series Unknown,—,Ncubate Capital Partners,1,,,,,
Medicus App,Apps,Health Care,Mumbai,Maharashtra,Medicus App is a pharmaceutical company.,—,—,Feb-17,www.themedicusapp.com/,2,Bhavesh Shah,Nov-50,1,Seed,"Jan 1, 2019",—,Seed,—,JITO Angel Network,1,Manav Shah,,,,
Vimobin Labs,Internet,,Bengaluru,Karnataka,Vimobin Labs is a deep technology company focused on bringing advances in mobile-access to users across the world.,—,—,2018,www.vimobin.com/,2,Gokulkrishna Sekar,01-Oct,1,Seed,"Dec 28, 2019",—,Seed,—,First Cheque,6,Nikhil Prasad,Aprameya Radhakrishna,Farooq Adam,Ranjit Radhakrishnan,Shubh Malhotra
Felis Leo Ventures,Industrial,Manufacturing,Bhubaneswar,Orissa,Felis Leo Ventures is an industrial manufacturer of renewable energy products and components.,751015,—,2018,nexuspower.in/,—,,Nov-50,1,—,"Jan 1, 2022",—,Venture - Series Unknown,—,Pontaq,1,,,,,
Women's CricZone,News,Publishing,Pune,Maharashtra,Women's CricZone is a news publishing company.,411058,—,2017,www.womenscriczone.com/,1,Yash Lahoti,01-Oct,1,Seed,"Jan 7, 2020",—,Seed,—,,—,,,,,
Kenome,Artificial Intelligence (AI),Computer,Bangalore,Karnataka,Kenome is a core AI company helping enterprises make sense of dark data using cutting-edge Machine Learning NLP and Knowledge Graphs,560027,—,2017,www.kenome.io,1,Partha Pratim Talukdar,01-Oct,1,—,"Jan 1, 2019",—,Venture - Series Unknown,—,Target Accelerators,1,,,,,
Tyutee,Education,Peer to Peer,Bangalore,Karnataka,"Tyutee is the Next Gen SaaS-based peer-to-peer student learning, networking, and reskilling platform.",560029,—,2017,tyutee.com/,1,Preetham Keshav,Nov-50,2,Seed,"May 3, 2021",—,Seed,—,Marwari Catalysts,1,,,,,
Airim,Enterprise Software,SaaS,Bengaluru,Karnataka,Automatically personalize content in your website or app,560095,—,Apr-17,getairim.com,2,Samvit Majumdar,01-Oct,1,M&A,"Jan 1, 2019",—,Angel,—,,—,Sujoy Chaudhary,,,,
Mimmo Organics,Child Care,E-Commerce,Bengaluru,Karnataka,Mimmo Organics is a Child Care company.,560024,—,2018,www.mimmoorganics.com/,1,Priyanka Shetty Sridhar,251-500,1,—,"Jan 1, 2019",—,Venture - Series Unknown,—,Smile Group,1,,,,,
School of Meaningful Experiences,E-Learning,,Bangalore,Karnataka,School of Meaningful Experiences is a skills and learning development focussed education-technology startup.,—,—,2018,some.education/,3,Murari ..,01-Oct,1,Seed,"Apr 21, 2020",—,Angel,—,Uday Singh,1,Rakesh Godhwani,,,,
InFact,Mobile Apps,,Cochin,Kerala,A news platform with latest News & Fact updates.,682022,$10M to $50M,"Feb 1, 2017",www.infactapp.com,2,Nikhil G Daniel,Nov-50,1,Seed,"Jan 31, 2018",—,Angel,—,Joel George,1,Rohit Sajeev,,,,
Renewate,Real Estate,Software,Mumbai,Maharashtra,"Tech platform helping millions of renovation contractors, property improvement professionals and businesses manage their business digitally.",—,—,2018,www.renewate.com/,1,Supratik Ghatak,01-Oct,1,Seed,"May 22, 2018",—,Pre-Seed,—,Brigade Real Estate Accelerator Program (REAP),1,,,,,
IEEARC Technologies Pvt Ltd,Health Care,,New Delhi,Delhi,IEEARC is a healthcare service provider,110089,—,"Feb 8, 2017",ieearc.com/,2,Dinakaran Pannerselvam,01-Oct,1,Seed,"Apr 2, 2018",—,Seed,—,,—,SUNIL KUMAR,,,,
Good Fettle,Food and Beverage,Food Processing,Mumbai,Maharashtra,Good Fettle is a food and beverage company.,—,—,2018,goodfettle.co/,—,,Nov-50,1,Seed,"Jan 27, 2022",—,Seed,—,Agility Ventures,1,,,,,
Motospunk Automotive,Automotive,E-Commerce,Pune,Maharashtra,Motospunk Automotive sells motorcycle and car accessories.,411016,—,"Jun 10, 2017",www.motospunk.com,1,Akash Devkate,Nov-50,2,Early Stage Venture,"Jul 25, 2018",—,Series A,—,,—,,,,,
Pipal Tree Services,Consulting,Human Resources,New Delhi,Delhi,"Pipal Tree Services is an executive search firm for C-Suite, management, and strategic hiring.",110070,—,"Mar 6, 2018",www.pipaltreeservices.com/,2,Rahul Bahuguna,01-Oct,1,Seed,"May 16, 2019",—,Seed,—,ITI Growth Opportunities Fund,1,Sonia Sharma,,,,
Cashcow.ai,Banking,Financial Services,Mumbai,Maharashtra,Cashcow is bringing solution to all your banking needs to your doorstep.,—,—,2017,www.cashcow.ai/,1,Sarfraz Nawaz,Nov-50,2,Seed,"Jan 9, 2019",—,Seed,—,Astarc Ventures,3,,Amrita TBI,Valpro Capital,,
Digital Mozarts,Advertising,Marketing,Bangalore,Karnataka,Digital Mozarts is an AI-driven performance marketing agency driving profitability and high-value customer growth for brands.,—,—,2018,digital-mozarts.com/,—,,Nov-50,1,Seed,"Nov 28, 2022",—,Seed,—,,—,,,,,
Samata AI,Artificial Intelligence (AI),Machine Learning,Bangalore,Karnataka,Samata AI enables balanced decision-making through techniques that identify and remove human biases in AI training datasets.,—,—,2018,www.samata.ai/,2,Siddharth Murlidharan,01-Oct,1,Seed,"Dec 14, 2020",—,Pre-Seed,—,International Finance Corporation,2,Vivek Nithianand,Stellaris Venture Partners,,,
Gofresh,Food and Beverage,Food Processing,New Delhi,Delhi,Gofresh is a food-tech startup focusing on the manufacturing and distribution of quality food through innovative solutions.,—,—,2018,www.gofresh.net.in/,—,,01-Oct,1,—,"Jan 1, 2023",—,Venture - Series Unknown,—,Pontaq,1,,,,,
Flow Sports Life,Sports,Training,Haryana,Haryana,"Flow Sports Life, an academy specializing in badminton and football coaching.",122001,—,2017,www.flowsportslife.com,—,,Nov-50,1,Seed,"Sep 27, 2023",—,Seed,—,Inflection Point Ventures,1,,,,,
Hestia,E-Commerce,Electronics,Gurgaon,Haryana,Hestia is an online seller of smart kitchen appliances that offers juicers and air fryers.,122001,—,2018,www.hestiaappliances.com,—,,01-Oct,1,Seed,"Nov 17, 2021",—,Seed,—,UpScalio,1,,,,,
The Bread Company,Cooking,Food and Beverage,New Delhi,Delhi,The Bread Company makes food without hidden ingredients.,110085,—,2018,thebreadcompanyindia.com/,1,Aastha Anand,—,1,Seed,"Mar 8, 2019",—,Seed,—,Titan Capital,1,,,,,
Machstatz,Analytics,Artificial Intelligence (AI),Bengaluru,Karnataka,End to End solution provider in Industrial IoT,560068,—,"Jan 11, 2017",machstatz.com,3,Pruthviraj Subudhi,Nov-50,1,—,"Jan 1, 2019",—,Venture - Series Unknown,—,Derbi Foundation,1,Sameer Patnaik,,,,
Ecoprosus,Energy Efficiency,,Bengaluru,Karnataka,Ecoprosus provides customizable and scalable platform that helps the cities and communities to solve social and environmental problems.,—,—,"Jan 1, 2017",www.ecoprosus.com/,2,Anand BR,01-Oct,1,—,"Jan 1, 2022",—,Venture - Series Unknown,—,Pontaq,1,Mayank Kela,,,,
Wallter Systems,Manufacturing,,Bangalore City,Karnataka,"Wallter helps maximize space utilization by designing, manufacturing and installing space saving furnitures and interiors.",560078,—,"Feb 20, 2018",www.wallter.in/,—,,Nov-50,2,Seed,"Aug 3, 2023",—,Seed,—,Inflection Point Ventures,1,,,,,
OSCB Solutions,Employment,Online Portals,Ranchi,Jharkhand,OSCB Solutions is a private company that aid job-seekers to reach employers through digital provisions.,834001,—,2018,,—,,—,1,Seed,"Jan 1, 2023",—,Seed,—,Pontaq,1,,,,,
Esperer Onco Nutrition,Health Care,Nutrition,Mumbai,Maharashtra,Esperer Onco Nutrition provides nutritional therapy for cancer patients.,—,—,2018,www.esperernutrition.com/,1,Raktim Chattopadhyay,51-100,1,—,"Apr 15, 2020",—,Venture - Series Unknown,—,Zenfold Ventures,1,,,,,
Lionise,E-Commerce,Rental,New Delhi,Delhi,Luxury Fashion Rental,—,—,"Jul 1, 2017",www.lionise.in,3,Aman Kaushal,Nov-50,1,Seed,"Nov 27, 2019",—,Pre-Seed,—,India Accelerator,1,Bhavdeep Singh Ahluwalia,,,,
Raksha Health,Health Care,Hospital,Hyderabad,Andhra Pradesh,Raksha Health provide healthcare services to Indian population through its large network of hospital partners.,500043,—,2018,www.rakshacard.com/home,—,,01-Oct,1,Seed,"Jul 1, 2019",—,Seed,—,Pioneer Fund,1,,,,,
Nature's Tattva,Beauty,Cosmetics,New Delhi,Delhi,Nature's Tattva provides raw materials and instructions to makes beauty products.,—,—,"Jan 18, 2017",naturestattva.com/,3,Ekta Das,01-Oct,1,Seed,"Oct 24, 2020",—,Seed,—,India Accelerator,1,Karnesh Mahendru,,,,
GoMassive Earth Network,Electric Vehicle,Finance,Noida,Uttar Pradesh,GoMassive Earth Network is the world’s only Investment Network for investing in startups in the sustainability space.,—,—,2017,gomassive.in/,2,Animesh Srivastava,01-Oct,1,—,"Jun 6, 2018",—,Venture - Series Unknown,—,India Quotient,1,Shailesh Vickarm Singh,,,,
Finaureus Technologies,Analytics,Artificial Intelligence (AI),Pune,Maharashtra,Finaureus Technologies engages in providing investment management solutions.,411 057,—,2017,www.finaureus.com/,3,Arindam Ghosh,Nov-50,1,Seed,"Apr 24, 2020",—,Seed,—,Pinetree Capital,1,Nanda S.,,,,
Piltover Technologies,Electronics,Information Technology,Jaipur,Rajasthan,Piltover Technologies is a startup that envisions a world where people enjoy equal opportunity to technology.,303007,—,2017,www.piltovertechnologies.com/,4,Anirudh Kishen,01-Oct,1,Seed,"Oct 25, 2018",—,Seed,—,HATCHER+,2,Maheeka Kaistha,thinQbate,,,
EdSense Technologies,E-Learning,EdTech,Hyderabad,Andhra Pradesh,EdSense is a technology platform for educational institutions to help create online experiences for students and teacher development.,—,—,2018,edsense.in/,4,Kiran Jupudi,Nov-50,1,Seed,"Apr 30, 2018",—,Angel,—,,—,Sunil Sathyavolu,,,,
PlayX,eSports,,Gurgaon,Haryana,PlayX is an esports platform built for the Indian gamers. We organize daily online tournaments for gamers to play in and win cash.,—,$1M to $10M,Jan-17,playx.in/,2,Devendra Kumar Jain,—,1,Seed,"Oct 23, 2017",—,Seed,—,Lead Angels Network,1,Kabeer Jain,,,,
Mindchamp,Education,,Mumbai,Maharashtra,Mindchamp is an educational platform that teaches computer science concepts.,400076,—,"Oct 18, 2017",Www.mindchamp.in,2,Manasi Kashikar,01-Oct,1,Seed,"Jan 4, 2018",—,Seed,—,Village Capital,1,Sneha Krishnan,,,,
ClinMd,Health Care,Medical,Jaipur,Rajasthan,ClinMD is a medical informatics company.,302017,—,"Apr 1, 2017",www.clinmd.com,1,Sourav Choraria,01-Oct,1,Seed,"Jul 5, 2018",—,Seed,—,Axilor Ventures,1,,,,,
Reniso,Insurance,Leasing,New Delhi,Delhi,An End-to-end property management startup.,110066,—,2017,www.reniso.com,2,Alok Srivastava,Nov-50,1,Seed,"Nov 15, 2017",—,Seed,—,,—,Nishit Sharma,,,,
Protto,Automotive,Information Technology,Mumbai,Maharashtra,Protto is a data-driven vehicle management platform.,—,—,"Oct 15, 2017",protto.in,2,Allan Pinto,Nov-50,1,Seed,"Sep 26, 2020",—,Pre-Seed,—,,—,Kunjan Hirpara,,,,
Primary Healthtech,Health Care,Health Diagnostics,Guwahati,Assam,Primary Healthtech is a technology-based manufacturer of next-generation healthcare predictive diagnostics.,781039,—,2018,www.primaryhealthtech.com/,—,,Nov-50,1,—,"Jan 1, 2022",—,Venture - Series Unknown,—,Pontaq,1,,,,,
ZiffyHealth,Consulting,Health Care,Pune,Maharashtra,"ZiffyHealth provides lab testing, e-clinic, and consulting services.",411014,—,2018,www.ziffytech.com,—,,101-250,1,Seed,"Sep 30, 2021",—,Pre-Seed,—,O2 Angels Network,1,,,,,
SelectDine,Artificial Intelligence (AI),Consulting,Hyderabad,Andhra Pradesh,"SelectDine focus on Restaurant Setup/Franchise, Restaurant Hiring Solutions, Restaurant Supply Chain Management and AI to manage Restaurant.",500034,—,"Mar 17, 2017",www.selectdine.com/,1,Saleem Javid,01-Oct,1,Seed,"Mar 17, 2017",—,Pre-Seed,—,,—,,,,,
HX Technologies,Software,,Bangalore,Karnataka,"Hx Technologies provides digital management services for OEMS, dealers, and independent workshops.",560061,—,2017,hxtechnologies.in/,—,,Nov-50,1,—,"Jan 1, 2019",—,Venture - Series Unknown,—,Auto Nebula Capital Advisers Private Limited,1,,,,,
Pragyaam,Analytics,Data Visualization,Bengaluru,Karnataka,Pragyaam provides information technology and data analytics services.,—,—,"Jan 1, 2017",www.pragyaam.in/,4,Aayush Agrawal,Nov-50,1,Seed,"May 1, 2019",—,Seed,—,Startup-O,1,Bharat Poddar,,,,
Rises.io,Artificial Intelligence (AI),Enterprise Software,Pune,Maharashtra,Rises.io offers AI and blockchain technology solutions.,411007,—,2017,rises.io/,—,,Nov-50,1,Seed,"Apr 6, 2022",—,Seed,—,,—,,,,,
SportsCafe,News,Publishing,Bangalore,Karnataka,SportsCafe is an online sports news platform.,—,—,Jan-18,sportscafe.in/,5,Gaurav Konar,Nov-50,1,Seed,"Feb 1, 2018",—,Pre-Seed,—,,—,Prabu Thiruppathy,,,,
Antariksh Technology Ventures (OPC) Pvt Ltd,Internet of Things,Mobile Apps,Hyderabad,Andhra Pradesh,"Smart City Startup - Urban Planning, Smart Solutions & Smart Public services as a service.",500033,—,"Feb 1, 2017",antariksh.co,1,Mahek Mahendra Shah,01-Oct,1,Seed,"Feb 2, 2017",—,Seed,—,,—,,,,,
MysticLand Global Citizenship Education,Education,Primary Education,Mumbai,Maharashtra,Alternate education programs integrated into schools,—,—,"Feb 13, 2018",mysticlandinschool.com/,1,Abhinaya Chandrasekhar,Nov-50,1,Seed,"Nov 1, 2020",—,Pre-Seed,—,,—,,,,,
Alba Watch(emmaus),Blockchain,Information Technology,Bengaluru,Karnataka,One-stop service platform: - Job search&recruitment - Work hour verification - Payment via blockchain application,—,—,"Feb 2, 2018",albawatch.net,—,,01-Oct,1,Seed,"Apr 30, 2019",—,Seed,—,SparkLabs Accelerator,1,,,,,
Appwharf,SaaS,Software,New Delhi,Delhi,Appwharf is an integrated dashboard for cloud applications.,110001,Less than $1M,"Sep 2, 2017",www.appwharf.co,2,Abhishek Tripathi,01-Oct,1,Seed,"Apr 19, 2018",—,Seed,—,,—,Akhand Mishra,,,,
Billebon,E-Commerce,,Ghaziabad,Uttar Pradesh,"Billebon is a lingerie online shop in India, crafting products for women and upholding the idea of INDIA for INDIA!",201012,—,"Feb 27, 2017",billebon.com/,—,,Nov-50,1,Seed,"Feb 1, 2019",—,Angel,—,,—,,,,,
Soxytoes,E-Commerce,,Noida,Uttar Pradesh,Soxytoes online store for unique socks.,201301,$1M to $10M,2017,soxytoes.com/,2,Aayush Goenka,01-Oct,1,Seed,"Mar 4, 2020",—,Angel,—,Sorabh Agarwal,3,Vidushi Kajaria,Vikas Bagaria,Hemant Dua,,
InfraKraft,Consulting,Training,Bengaluru,Karnataka,InfraKraft is a consulting firm that provides solutions for handicraft industries by creating infrastructure.,—,—,"Jan 1, 2018",www.infrakraft.com,1,Bhaskar patnaik,01-Oct,1,Private Equity,"Jan 1, 2022",—,Private Equity,—,Trill Impact,1,,,,,
Blue Vector,Advertising,Marketing,Gurgaon,Haryana,Blue Vector is a group of creative brands.,122011,—,2017,bluevector.co,1,Piyush Kedia,Nov-50,1,Seed,"Jul 31, 2017",—,Pre-Seed,—,,—,,,,,
Prabhuji Online,Delivery Service,E-Commerce,Kolkata,West Bengal,Prabhuji Online is a daily hyper local delivery platform for fresh flowers and Pooja items.,700136,—,2017,www.prabhujionline.com/,1,Manishpal Singh,—,1,Seed,"Jun 30, 2021",—,Seed,—,Somya Bajaj,7,,Rahul Tayal,Ujjwal Deepak,Jaspreet Bhatia,Sahil Mohta
InWara,Blockchain,Business Intelligence,Bengaluru,Karnataka,The most trusted blockchain and crypto market intelligence platform,560095,—,2017,inwara.com,—,,Nov-50,1,Seed,"Jan 1, 2017",—,Pre-Seed,—,,—,,,,,
Molitics,Apps,Journalism,Gurgaon,Haryana,Molitics is the Media of Politics. Molitics wants every User to be able to have a truly personalised online experience,122002,—,2018,www.molitics.in/,—,,101-250,1,Seed,"Mar 28, 2022",—,Seed,—,Saamag Group,1,,,,,
Cuddl,Retail,,Bangalore,Karnataka,Cuddl is a Pillow Company.,560035,—,2017,cuddl.in,1,Shashank Palli,01-Oct,1,Seed,"Jan 9, 2019",—,Seed,—,Axilor Ventures,1,,,,,
NexConnect,E-Learning,Education,Kolkata,West Bengal,NexConnect Ventures Pvt Ltd is a social business venture.,—,—,"Feb 17, 2017",www.nexconnectventures.com/,3,Arina Bardhan,Nov-50,1,Seed,"Jan 1, 2019",—,Seed,—,IIM Calcutta Innovation Park,1,Jayanta Basak,,,,
Design Charrette,Architecture,Interior Design,Indore,Madhya Pradesh,Design Charrette is an architectural and interior design firm.,452010,—,2018,www.thedesigncharrette.com/,4,Ajanta Dube,01-Oct,1,Seed,"Mar 26, 2020",—,Pre-Seed,—,Electropreneur Park,1,Apurva Bhadouria,,,,
Microchip Payments,Apps,Internet,Bangalore,Karnataka,Microchip payments  is a mobile-based payment application and point-of-sale device,—,Less than $1M,2017,microchippayments.com/,1,Farhan Firaq,01-Oct,2,Seed,"May 13, 2019",—,Seed,—,Sandbox Startups,2,,GenNext Ventures,,,
AgroSonic Solutions,Agriculture,AgTech,Pune,Maharashtra,AgroSonic Solutions is an agro-based software company that produces livestock management software and services.,411004,—,2018,agrosonic.in/,—,,01-Oct,1,Seed,"Jan 1, 2022",—,Seed,—,Pontaq,1,,,,,
Resonance,Analytics,Artificial Intelligence (AI),Delhi,Delhi,Resonance is your smart data assistant which eliminates the need for pre-built reports.,—,—,2017,rdata.tech/,3,Rantej Singh,Nov-50,1,Seed,"Aug 21, 2019",—,Angel,—,Inflection Point Ventures,1,Shishir Kapoor,,,,
Freshcut Organic Products,Waste Management,,Calicut,Kerala,Freshcut Organic Products is a waste management company.,673573,—,"Jun 7, 2017",freshcut.in/,1,Augustine Peous,—,1,Seed,"Jan 1, 2019",—,Seed,—,AIM Smart City,1,,,,,
Timeus,Blockchain,Cryptocurrency,New Delhi,Delhi,Timeus is a blockchain protocol adapted to the needs of corporate clients and has a number of unique technical solutions.,—,—,"Jan 3, 2018",timeus.org,1,Roman Said,01-Oct,1,Seed,"Jul 6, 2019",—,Seed,—,,—,,,,,
Acquafront Infrastructure,Civil Engineering,Industrial Design,Kanpur,Uttar Pradesh,Acquafront Infrastructure designs flotation solutions in maritime and inland waterways infrastructure.,208016,—,Mar-18,www.acquainfra.com/,2,Achin Agrawal,01-Oct,1,Seed,"Jul 2, 2020",—,Seed,—,National Research Development Corporation,1,Ankit Patel,,,,
GSTInput,Credit,Financial Services,Mumbai,Maharashtra,GSTInput develops an online GST credit automation platform to automate GST credit on travel expenses of an organization.,—,—,2017,gstinput.com/,1,Rohit Anand,01-Oct,1,Seed,"Jan 26, 2020",—,Pre-Seed,—,Techstars,1,,,,,
R2E Technologies,Information Technology,Innovation Management,Dehra Dun,Uttarakhand,R2E Technologies is a technology-driven consulting company for digital innovation and development.,—,—,2018,r2e.in/,—,,Nov-50,1,—,"Jan 1, 2022",—,Venture - Series Unknown,—,Pontaq,1,,,,,
FeedByMe Media,Media and Entertainment,,Bengaluru,Karnataka,"Global leading media-tech company for Startup, Tech, Business, Stories of the entrepreneur in YOU!",560102,—,2017,www.feedbyme.com/,—,,01-Oct,1,Seed,"Oct 1, 2017",—,Pre-Seed,—,,—,,,,,
Any Time Classes,E-Learning,Education,New Delhi,Delhi,Any Time Classes is a learning app with creative visual content for post-class 10th commerce students.,110009,—,"Dec 27, 2017",atcanytimeclasses.com/,4,Bhavesh Jatania,Nov-50,1,Seed,"May 18, 2020",—,Seed,—,Mumbai Angels,1,CA Kumar,,,,
Misht,Food and Beverage,Food Processing,Haryana,Haryana,Misht is a food and beverage company.,122022,—,2017,mishtfood.com/,3,Pawan Raj Kumar,—,1,—,"Jan 1, 2019",—,Venture - Series Unknown,—,Roots Ventures,1,Shoaib Kohli,,,,
ConnectCapital,Consulting,Incubators,Bombay,Maharashtra,ConnectCapital is an Indian IT incubator.,400 018,$1M to $10M,2017,www.connectcapital.com,—,,01-Oct,1,Seed,"May 1, 2000",—,Seed,—,Insight Partners,1,,,,,
EdHusk,Education,,Jaipur,Rajasthan,EdHusk is an education startup that provides services at students' homes.,—,—,"May 15, 2017",www.edhusk.com/,2,Anuj Bhuria,01-Oct,1,Seed,"Jul 7, 2020",—,Angel,—,Mumbai Angels,1,Himanshu Kumar,,,,
Botsite,Information Services,Information Technology,New Delhi,Delhi,"BotSite is the conversations hub that brings the right context,people, information, and tools together.",—,—,2018,searchbotsite.com/,1,Pratik Sharma,51-100,1,Seed,"Aug 9, 2019",—,Seed,—,India Accelerator,1,,,,,
Plantigo Health,Fast-Moving Consumer Goods,Health Care,Mumbai,Maharashtra,Plantigo is a plant-based vegan health & nutrition brand for consumers of the modern world.,400025,—,2018,plantigo.in/,1,Umesh Chhazzed,Nov-50,1,Seed,"Sep 10, 2020",—,Seed,—,,—,,,,,
YeShopy,Consumer Reviews,Coupons,Delhi,Delhi,YeShopy.com provides coupon code as well as price comparison for online shopping that will help buyers to buy products at lowest price.,—,—,"Jan 17, 2018",www.yeshopy.com/,,,,,,,,,,,,,,,,
"yeshopy.com will show the buyer's interested products by using Machine Learning and Artificial Intelligence Technologies

3. YeShopy.com will provide coupon code as well as product price comparison 

4. YeShopy.com will provide roducts reviews",—,—,,https://www.crunchbase.com/search/funding_rounds/field/organization.companies/num_funding_rounds/yeshopy,—,,,,—,,,,,,,,,,,,,,,,
Yoro,News,Social Network,Bengaluru,Karnataka,Yoro is a micro-social network that focuses on news consumption.,560 038,$1M to $10M,2017,helloyoro.com/,1,Sapan Shah,01-Oct,1,Seed,"Mar 11, 2021",—,Seed,—,ah! Ventures,1,,,,,
Hirexp,Information Services,Information Technology,Gurgaon,Haryana,Hirexp is a recruitment automation software to enhance candidate experience and increase recruiters productivity.,—,Less than $1M,"Jan 15, 2017",www.hirexp.com/,2,Marina Zolotoverkh,Nov-50,2,Seed,"Mar 8, 2018",—,Angel,—,Ambarish Gupta,2,Vikas Kakkar,Marina Zolotoverkh,,,
Signity Corporate Solution Pvt Ltd,Consulting,Education,Kanpur,Uttar Pradesh,IT services and Staffing firm.,208001,—,"Nov 17, 2017",signitycs.com/,1,Irfan siddiqui,Nov-50,1,Seed,"Apr 1, 2023",—,Seed,—,,—,,,,,
8om,Business Development,SaaS,New Delhi,Delhi,8om is a SAAS service provider.,110019,$1M to $10M,2017,8om.io,—,,01-Oct,1,—,"Jan 1, 2019",—,Venture - Series Unknown,—,GPA group,1,,,,,
Boudhik Ventures,Consulting,,Noida,Uttar Pradesh,"Boudhik Ventures assists innovators, creators, entrepreneurs in strategizing their business growth based on innovative solutions",201301,—,Dec-17,boudhikventures.com/,1,Vivek Dahiya,01-Oct,1,M&A,"Nov 1, 2020",—,Seed,—,,—,,,,,
Travelspice,Hotel,Online Portals,Bangalore,Karnataka,"India’s 1st , only and rapidly growing Opaque Platform to increase Occupancy of Hotels",—,$1M to $10M,2017,www.travelspice.com/,3,ANKIT MANGLIK,Nov-50,2,Early Stage Venture,"May 20, 2017",—,Series A,—,Eagle10 Ventures,1,Prashant Mitta,,,,
CamfyVision Innovations,Artificial Intelligence (AI),Information Technology,Bengaluru,Karnataka,CamfyVision develops intelligent computer vision algorithms using the combination of AI and deep learning.,560008,—,2017,www.camfyvision.com/,2,Rajiv Kumar Jaiswal,Nov-50,1,—,"Jan 1, 2019",—,Venture - Series Unknown,—,Derbi Foundation,1,Vedpal Singh,,,,
Cueclad,Digital Media,Media and Entertainment,Pune,Maharashtra,Digital Platform for Independent Entertainment,—,—,"May 3, 2017",cueclad.com,3,Kaumud Pachauri,01-Oct,1,Seed,"May 10, 2017",—,Seed,—,,—,Sharukh Shaikh,,,,
Sympill,Consumer,Health Care,Kormangala,Karnataka,Sympill is a mobile app connects you in real-time to a pharmacy nearby to you and gives you an accurate stock Avialblity.,—,—,2018,sympill.app/,1,Raghavendra Srinivasan,01-Oct,1,—,"Jan 1, 2019",—,Venture - Series Unknown,—,Derbi Foundation,1,,,,,
Pooltoo,Environmental Consulting,Ride Sharing,New Delhi,Delhi,Pooltoo offers a premium ride sharing platform.,110019,$1M to $10M,Nov-17,www.pooltoo.com/,4,Aradhana Jha,Nov-50,1,Seed,"Apr 4, 2018",—,Seed,—,Devika Ganesh,1,Nancy Martin,,,,
Born,Children,E-Commerce,Bandra,Maharashtra,Born is a distributor of baby and kids' labels.,—,—,"Jan 1, 2017",www.worldofborn.com/,1,Elodie Awchat,01-Oct,1,Seed,"Nov 29, 2018",—,Seed,—,DSG Consumer Partners,1,,,,,
Credible India,Agriculture,Farming,Mumbai,Maharashtra,Credible is a distributor of analytics products for agri-business.,400069,—,2017,www.credible-india.com/,1,Vikram Sarbajna,01-Oct,1,Seed,"Jan 23, 2019",—,Seed,—,Gastrotope,1,,,,,
Perspectico,Career Planning,Education,New Delhi,Delhi,An Education Management startup.,—,$1M to $10M,2017,www.perspectico.com/,2,Anmol Mahajan,01-Oct,2,Seed,"Nov 29, 2018",—,Seed,—,The University of Delhi,2,Nikhil Chainani,SSCBS Innovation and Incubation Foundation (SIIF),,,
Bitgram,Information Technology,Privacy,Bangalore,Karnataka,Bitgram is a data sovereignty and consumer data protection platform.,—,—,2017,www.bitgram.in/index.html,2,Pria Randolph,01-Oct,1,Seed,"Jun 5, 2017",—,Seed,—,Startupbootcamp,1,Rohit Chaturvedi,,,,
Sushrut Designs,Health Care,Medical,Pune,Maharashtra,Sushrut Designs is an innovative healthcare and wellness devices company.,—,—,2018,www.sushrutdesigns.com,1,Atul Kherde,Nov-50,1,Seed,"May 21, 2020",—,Angel,—,Anand Deshpande,4,,Tridib Chowdhury,Ajay Bhagwat,Atul Manohar,
99RetailStreet,Cloud Data Services,Retail,Bengaluru,Karnataka,99RetailStreet  is a common commerce platform on cloud targeted at the large unorganized retail segment comprising of Kiranas/ Kades.,—,—,2017,www.99rstreet.com,2,Alok Jayant,Nov-50,2,Seed,"Jan 1, 2018",—,Seed,—,WaterBridge Ventures,3,Piyush Jadhao,BOV Capital,BlueOcean Ventures,,
Livigro,Health Care,Health Diagnostics,Tamil Nadu,India,Healthcare Aggregation,625016,—,Dec-17,www.livigro.com/,2,Naveen Vijayakumar,",",01-Oct,1,Seed,"Jun 25, 2018",—,Seed,StartUp Health,,Wellness,,,,
ThriveFNC,Health Care,Nutrition,Pune,Maharashtra,ThriveFNC is an alternative approach to creating holistic health through food and nutrition.,—,—,2017,www.thrivefnc.com/,2,AMIT SHARMA,Nov-50,1,Seed,"Jul 17, 2020",—,Seed,—,Rajesh Ranavat,1,Mugdha Pradhan,,,,
KS Technological Solutions,SaaS,Software,Jaipur,Rajasthan,SaaS Based Products | IT Consultancy | Application Development,302022,$1M to $10M,2018,kstechsolutions.com/,—,,01-Oct,2,Seed,"Oct 8, 2018",—,Seed,—,,—,,,,,
Callbell Security,Artificial Intelligence (AI),Big Data,Kozhikode,Kerala,AI Cyber Security Company,673016,—,"Feb 7, 2017",www.callbellsecurity.com,1,Jishnu Das,01-Oct,1,Seed,"Jan 15, 2019",—,Seed,—,,—,,,,,
Extreme Sports India,Security,Transportation,Mumbai,Maharashtra,"Extreme Sports India is a small mix of people, some of who love living extreme .",400060,—,2018,extremesportsindia.com/,1,Avi Jain,01-Oct,1,Seed,"Jan 1, 2019",—,Seed,—,JITO Angel Network,1,,,,,
UpCyclersLab,Apps,Education,Mumbai,Maharashtra,UpCyclersLab is a  startup that makes sustainability-based learning tools for children above the age of five.,—,—,2018,upcyclerslab.com/,2,Amishi Parasrampuria,01-Oct,1,Seed,"Oct 17, 2018",—,Seed,—,Powered Accelerator,1,Manav Shah,,,,
Evoride motors,Automotive,Marketing,Bangalore,Karnataka,Evoride motors is design and develop electric products.,—,—,"Jan 1, 2018",www.evoride.in/,1,Rahul Venkatraman,Nov-50,1,—,"Jan 1, 2019",—,Venture - Series Unknown,—,Derbi Foundation,1,,,,,
Sepal Technologies,Information Technology,iOS,Dwarka,Gujarat,Sepal Technologies offers powerful web application development services,—,—,2017,www.sepaltech.com/,—,,Nov-50,1,Seed,"Jul 2, 2019",—,Seed,—,SucSEED Venture Partners,2,,Saurabh Sharma,,,
Autogrid Mobility,Software,,Pune,Maharashtra,Autogrid Mobility is a smart mobility scenario with frugal software and hardware solutions,—,—,"May 1, 2017",autogrid.in/,1,Himanshu Karia,01-Oct,1,Seed,"Jan 1, 2019",—,Seed,—,Auto Nebula Capital Advisers Private Limited,1,,,,,
Leadburg,Skill Assessment,Virtual Workforce,Bengaluru,Karnataka,"It is a startup in the Self Discovery, Leadership Development and Opportunity matching space",—,—,2017,leadburg.com/,3,Akshay Chandrasekhar,Nov-50,1,Seed,"Jan 17, 2017",—,Seed,—,IvyCamp,3,Sangeeth Varghese,Harsh V. Pant,Ratheesh Raveendran,,
Knitter,Internet,Social Network,Bengaluru,Karnataka,Knitter is a rural social network that connects people within villages to one another to create a local network.,—,—,"Mar 21, 2017",www.knitter.co.in/,2,B R Choudhary,01-Oct,3,Seed,"Aug 1, 2020",—,Seed,—,,—,Dinesh Patel,,,,
Varaha Studio,Retail,,Hyderabad,Andhra Pradesh,Varaha Studio is the Futuristic Solution for Retail – 3D/ AR/ VR Tech,—,—,2018,varahastudio.com/,1,Mohan Ponnada,01-Oct,2,Seed,"Jun 2, 2020",—,Pre-Seed,—,Kiran Darisi,2,,SR Innovation Exchange,,,
Tryolo,Advertising,Augmented Reality,Hyderabad,Andhra Pradesh,Tryolo is an advertising firm.,500081,—,"Sep 20, 2017",www.tryolo.com,2,Indrasena Reddy,Nov-50,1,Seed,"Sep 20, 2018",—,Pre-Seed,—,,—,Yasaswy Tallam,,,,
ABC of Parenting,Health Care,Internet,Mumbai,Maharashtra,"A content platform covers all stages of motherhood journey - getting pregnant, during pregnancy and post-pregnancy.",—,—,Jan-17,abcofparenting.com/,—,,01-Oct,1,Seed,"Jun 29, 2018",—,Seed,—,9Start,1,,,,,
Kid Closet,Artificial Intelligence (AI),E-Commerce,Delhi,Delhi,We make kids wear shopping smart and simple experience for parents.,110049,—,"Aug 16, 2017",kidcloset.in,,,,,,,,,,,,,,,,
—,—,—,https://www.crunchbase.com/search/funding_rounds/field/organization.companies/num_funding_rounds/kid-closet-buds-trends,"Aug 16, 2017",Pre-Seed,,—,,—,,,,,,,,,,,,,,,,
Blueleaf Cyberspace Systems,Internet,Software,Bangalore,Karnataka,Bluleaf Cyberspace  is Cloud Based Software Company.,560025,—,2018,blueleaf360.com/,1,Joseph Rasquinha,Nov-50,1,Seed,"May 29, 2018",—,Seed,—,Ferns Estates & Developers,1,,,,,
The iStartup,Advertising,,Dehra Dun,Uttarakhand,The iStartup is a virtual marketing company that helps founders and entrepreneurs in their online marketing.,—,—,"Apr 9, 2017",theistartup.com,1,Charu Dubey,01-Oct,1,Seed,"Jul 26, 2017",—,Angel,—,,—,,,,,
Ubiqc,Customer Service,Enterprise,Noida,Uttar Pradesh,"UBIQC is an innovative product that will redefine the way businesses engage, expand, and retain customers.",201301,—,2017,www.ubiqc.com,—,,01-Oct,1,Seed,"Nov 27, 2019",—,Seed,—,India Accelerator,1,,,,,
Erode Street,Beauty,Fashion,Erode,Tamil Nadu,"Erode Street is an Indian retail clothing chain. It specialises in cultural & fast fashion, and sells clothing, and beauty products.",—,—,2017,www.erodestreet.com,—,,Nov-50,1,M&A,"Sep 11, 2017",—,Pre-Seed,—,,—,,,,,
EATh,Artificial Intelligence (AI),Hardware,Hyderabad,Andhra Pradesh,Eath  builds pocket-sized AI devices to analyse milk health.,500019,—,2018,www.eath.in/,—,,01-Oct,1,Seed,"Mar 26, 2020",—,Pre-Seed,—,Electropreneur Park,1,,,,,
Tikli,Beauty,E-Commerce,Bangalore,Karnataka,Tikli is a fashion and wellness community platform to get solutions to beauty queries.,—,—,"Jan 1, 2017",www.tikli.in/,1,Priyanka Das Mohanty,01-Oct,1,Seed,"Jan 15, 2018",—,Seed,—,9Start,1,,,,,
Promore360,Advertising,Marketing,Mumbai,Maharashtra,Promore360 is an advertising and marketing company.,—,$1M to $10M,2018,www.promore360.com,1,Sachit Jain,01-Oct,1,Seed,"Jan 1, 2019",—,Angel,—,JITO Angel Network,1,,,,,
Spacifii,Home Improvement,Home Renovation,Mumbai,Maharashtra,Spacifii offers one stop home interior solutions for home owners to design their new or old house to a dream home.,400079,—,2017,spacifii.com/,1,Ravikumar M,Nov-50,1,Seed,"Aug 1, 2018",—,Seed,—,Z Nation Lab,1,,,,,
Cleanergy Tech Solutions,Machinery Manufacturing,Manufacturing,Pune,Maharashtra,"Cleanergy Tech Solutions is manufacturering of biogas plant, portable biogas plant & industrial biogas plant.",—,—,2017,cleanergy.co.in/,3,Dhananjay Abhang,01-Oct,1,—,"Jan 1, 2019",—,Venture - Series Unknown,—,IIM Calcutta Innovation Park,1,Rohit Hedda Vijaykumar,,,,
Delight P.I.,Consumer Reviews,CRM,Bangalore,Karnataka,B2B client gratification platform help brands to delight their customers.,560102,—,"May 1, 2017",delightpi.com/,3,Aniket Jain,01-Oct,1,Seed,"May 1, 2017",—,Seed,—,Walkover Web Solutions,1,Ravi Paliwal,,,,
Shellios Technolabs,Consulting,Information Technology,Noida,Uttar Pradesh,Shellios Technolabs develops anti-pollution helmet,—,—,2017,www.shellios.com,—,,01-Oct,1,Seed,"Aug 22, 2022",—,Seed,—,Department of Science and Technology,1,,,,,
Sanjevani Goats,,,Hooghly,West Bengal,Sanjevani Goats preserves quality germplasm of Black Bengal Goat to help poor farmers with animal husbandry as the Black Bengal breed.,—,—,2018,www.sanjevanigoats.com/,1,Kalyan Koley,51-100,1,Seed,"Jan 1, 2019",—,Seed,—,IIM Calcutta Innovation Park,1,,,,,
soujhe,Fitness,Health Care,Hyderabad,Andhra Pradesh,Soujhe Innovative is building healthcare devices for patients suffering from physiotherapy problems,500032,—,2018,soujhe.com/,2,Jhelum Das,01-Oct,1,—,"Jan 1, 2019",—,Venture - Series Unknown,—,Derbi Foundation,2,Soumitra Das,CIE IIIT Hyderabad,,,
CreateYourStuff,E-Commerce,Gift,Gurgaon,Haryana,"CreateYourStuff is India's number customized gifting store. It is a unit of Bare Switch Pvt.Ltd,",122001,—,"Jan 1, 2017",www.createyourstuff.com,,,,,,,,,,,,,,,,
style,"shape and the brand of the product they are willing to  buy
The mission is to give people the power to have what they actually  want and not what they have among the given options.\"",—,11-50,1,https://www.crunchbase.com/search/funding_rounds/field/organization.companies/last_funding_at/createyourstuff,—,,Unitus Ventures,https://www.crunchbase.com/organization/unitus-ventures,,,,,,,,,,,,,,,,
TechSamvad,Media and Entertainment,News,Jaipur,Rajasthan,TechSamvad is the only Media Platform reporting in Technology", Startups," and Business domain in Hindi.""",302001,—,"Jan 21, 2017",techsamvad.com/,1,Ashutosh Kumar Singh,01-Oct,1,Seed,"Jan 4, 2018",—,Pre-Seed,—,Pawas Jain,1,,,,,,,
Corn Junction,E-Commerce,Food and Beverage,Lucknow,Uttar Pradesh,Corn Junction offers a wide range of flavorful corn-based items.,—,—,2017,cornjunction.com,—,,01-Oct,1,Seed,"Jul 5, 2022",—,Pre-Seed,—,Crimansqua Ventures,1,,,,,
Nation of Sport,News,Social Media,Mumbai,Maharashtra,Nation of Sport is the premier source of sports journalism covering every aspect of sport and its development in India.,400072,—,2018,www.nationofsport.com/,2,David Rajan,01-Oct,1,Seed,"Oct 23, 2018",—,Seed,—,HATCHER+,2,Jonathan Rego,thinQbate,,,
Creatomojo,,,Bangalore,Karnataka,CreatoMojo is a online cloud-based platform which allows anyone to create multilingual  videos without any skills in minutes.,—,—,2018,www.creatomojo.com/,3,Gita Paul,Nov-50,2,Seed,"Aug 26, 2019",—,Seed,—,Boomtown Accelerators,2,Shaishav Mahaseth,Right Side Capital Management,,,
Resicare,Health Care,Home Health Care,Bangalore,Karnataka,Resicare is a home healthcare company,560043,—,2018,www.resicare.in/,1,Maloor Suresh,251-500,1,—,"Nov 2, 2018",—,Venture - Series Unknown,—,Gemba Capital,1,,,,,
NevertonY.com,Commercial Real Estate,Consulting,New Delhi,Delhi,NevertonY.com is a India-Based Online Estate Agent,110077,—,2018,nevertony.com,1,Hemant Lochav,01-Oct,3,M&A,"Sep 25, 2019",—,Seed,—,Hemant Lochav,1,,,,,
R2 Promise,Renewable Energy,,Bengaluru,Karnataka,"R2 is a Management, Infromation  technology Company.",—,—,2017,r2promise.com/,—,,01-Oct,1,Seed,"May 22, 2018",—,Seed,—,Brigade Real Estate Accelerator Program (REAP),1,,,,,
Technokriti Solutions,Android,Information Technology,Ghaziabad,Uttar Pradesh,"Technokriti Solutions develops android apps, games, ios apps, enterprise solutions and others.",201010,$1M to $10M,"Mar 27, 2017",www.technokriti.com,1,Pradeep Mittal,Nov-50,1,Seed,"Mar 28, 2017",—,Seed,—,,—,,,,,
E2EM,Electric Vehicle,,New Delhi,Delhi,E2EM develops portable electric mopeds.,110021,—,2018,,—,,01-Oct,1,Seed,"Mar 26, 2020",—,Pre-Seed,—,Electropreneur Park,1,,,,,
Zest Smart Solutions,Apps,Financial Services,Mumbai,Maharashtra,Zest Smart Solutions is an app page for financial services.,400093,—,2017,www.ridezest.in/,2,Meet Pagariya,01-Oct,1,Seed,"Jan 1, 2019",—,Seed,—,JITO Angel Network,1,Venkatesh Agrawal,,,,
DOOT,Location Based Services,Tourism,Patna City,Bihar,DOOT mentored by Autonebula will bring all cab operators on its platform. Hence reduce cost of travel & increase income of operators.,80001,—,2017,www.doot.one,2,Dinesh Kumar,01-Oct,1,Seed,"Jan 1, 2017",—,Seed,—,Auto Nebula Capital Advisers Private Limited,1,Umesh kumar,,,,
Aidia Technovations,Information Services,Information Technology,Mumbai,Maharashtra,'AIDIA Technovations’ is destined to transform the way a human uses features-systems-technology.,400093,$1M to $10M,2017,www.aidiatechnovations.com/,1,Jigish Sonagara,01-Oct,1,Seed,"Jun 1, 2018",—,Seed,—,,—,,,,,
Xamplified,E-Learning,Education,New Delhi,Delhi,"Xamplified is an online educational resource that publishes academic articles on biology, chemistry, physics, and many other subjects.",110023,—,"Jan 1, 2017",www.chemistrylearning.com,2,Djeet Singh,01-Oct,1,Seed,"Feb 1, 2008",—,Seed,—,,—,Prashant Sharma,,,,
Lead-ERS,Advertising,,Vadodara,Gujarat,Lead-ERS is a B2B marketing company.,—,—,2017,lead-ers.co/,—,,Nov-50,1,—,"Aug 1, 2015",—,Venture - Series Unknown,—,,—,,,,,
Teeshul,E-Commerce,,Pune,Maharashtra,Teeshul offers streetwear and anime merchandise store.,—,—,"Aug 9, 2017",www.teeshul.com,1,Mikhil Gawas,01-Oct,2,Seed,"Feb 15, 2019",—,Seed,—,,—,,,,,
Sportelos,,,Bangalore,Karnataka,Sportelos is a game on mobile app company,560068,—,2017,www.sportelos.com/,1,Subramanyam Yeleswarapu,01-Oct,1,—,"Jan 1, 2019",—,Venture - Series Unknown,—,Derbi Foundation,1,,,,,
Sae Fuel,Energy,,Pune,Maharashtra,Sae Fuel is an alternate energy source built for vehicles.,—,—,2017,,—,,Nov-50,1,Seed,"Jan 1, 2019",—,Seed,—,Auto Nebula Capital Advisers Private Limited,1,,,,,
QuikePic,,,Mumbai,Maharashtra,QuikePic is an art technology platform brings organizations together to exchange information digitally.,400064,—,2017,,3,Alok Singh,01-Oct,1,Seed,"Jan 9, 2019",—,Seed,—,Axilor Ventures,1,Harsh Sharma,,,,
Wiper (Automotive Device Control),Automotive,,Kochi,Kerala,An automotive device control system designed to automate automotive accessories.,678572,—,2017,,1,Vimal Kumar,Nov-50,1,Seed,"Jan 1, 2017",—,Seed,—,Auto Nebula Capital Advisers Private Limited,2,,Makervillage,,,
AstroTalk,Consulting,Digital Entertainment,Noida,Uttar Pradesh,"AstroTalk is a platform to consult best Astrologers of India online, on-call, or through chat.",201301,—,"Oct 18, 2017",astrotalk.com/,1,Puneet Gupta,101-250,1,Early Stage Venture,"Feb 6, 2024","₹ 1,63,00,00,000.00",Series A,"₹ 1,63,00,00,000.00",Left Lane Capital,1,,,,,
Fasal,Agriculture,AgTech,Bengaluru,Karnataka,Fasal is an AI-powered IoT-SaaS platform for horticulture that simplifies the process of cultivating crops.,560008,Less than $1M,"Jan 11, 2018",fasal.co,5,Ananda Verma,51-100,8,Early Stage Venture,"Dec 22, 2023","₹ 1,00,00,00,000.00",Series A,"$ 1,39,51,090.00",Animoca Brands,20,Dhaval Chaudhary,Artesian VC,ITI Growth Opportunities Fund,British International Investment,Omnivore
Zupee,Apps,Digital Entertainment,Gurgaon,Haryana,Zupee is an online gaming company that develops real money-earning skill-based games.,122016,$10M to $50M,2018,www.zupee.com/,2,Dilsher Singh,101-250,5,Early Stage Venture,"Jan 5, 2022","$ 7,20,00,000.00",Series B,"$ 12,09,99,708.00",Alpha Wave Global,8,Siddhant Saurabh,Matrix Partners India,Orios Venture Partners,Tomales Bay Capital,Smile Group
OTO Capital,Automotive,Finance,Mumbai,Maharashtra,OTO Capital is a digital commerce and lending platform that provides affordable plans to purchase motor bicycles.,400076,$1M to $10M,2018,otocapital.in,2,Harsh Saruparia,251-500,7,—,"Feb 6, 2024","₹ 83,00,00,000.00",Venture - Series Unknown,"$ 2,03,31,221.00",500 Global,20,Sumit Chhazed,Venture Catalysts,9Unicorns Accelerator Fund,Matrix Partners India,Stride Ventures
Metafin,CleanTech,Financial Services,Parel,Maharashtra,Metafin is an operator of a non banking financial company intended to offer cleantech focused lending services for retail customers.,400013,—,2018,www.metafin.in/,—,,—,2,Early Stage Venture,"Feb 7, 2024","₹ 42,00,00,000.00",Series A,"₹ 44,00,00,000.00",Venture Catalysts,3,,Prime Venture Partners,Varanium Capital Advisors,,
Leverage Edu,Artificial Intelligence (AI),Career Planning,New Delhi,Delhi,AI-enabled marketplace designed to help students with their higher education and career growth plans,110001,$100M to $500M,Apr-17,www.leverageedu.com,1,Akshay Chaturvedi,51-100,10,Late Stage Venture,"Jul 3, 2023","$ 2,50,00,000.00",Series C,"$ 7,37,73,326.00",9Unicorns Accelerator Fund,52,,Mankind Pharma,Blume Ventures,Sprint Vc,Peyush Bansal
Karkhana.io,3D Printing,Manufacturing,Mumbai,Maharashtra,Karkhana.io is an on-demand manufacturing platform with a vision of digitalizing manufacturing.,—,$1M to $10M,2018,karkhana.io/,1,Sonam Motwani,Nov-50,3,Early Stage Venture,"Jan 9, 2024","$ 63,00,000.00",Series A,"$ 78,00,000.00",Arkam Ventures,4,,Vertex Ventures Southeast Asia & India,SIG venture capital,Zone Startups In,
Noccarc,Health Care,Manufacturing,Pune,Maharashtra,Noccarc is a medical device company revolutionizing healthcare with smart medical devices and a digital platform to improve patient outcomes,411026,—,"Apr 24, 2017",noccarc.com/,2,Harshit Rathore,51-100,3,Seed,"Feb 13, 2024","₹ 16,60,00,000.00",Seed,"₹ 32,94,00,000.00",Indian Angel Network,6,Nikhil Kurele,SIDBI Venture Capital,Indian Institute of Technology Kanpur,IAN Fund,"Technology Development Board, Government of India"
